<?xml version="1.0" encoding="UTF-8"?>
<!DOCTYPE html PUBLIC "-//W3C//DTD XHTML 1.0 Transitional//EN"
    "http://www.w3.org/TR/xhtml1/DTD/xhtml1-transitional.dtd">
<html xmlns="http://www.w3.org/1999/xhtml" xml:lang="en" lang="en">
 <head>
  <title>
</title>
<meta http-equiv="Content-Type" content="text/html;charset=utf-8" />
  <meta name='ocr-system' content='tesseract 3.04.00' />
  <meta name='ocr-capabilities' content='ocr_page ocr_carea ocr_par ocr_line ocrx_word'/>
</head>
<body>
  <div class='ocr_page' id='page_1' title='image "./georgica00virguoft_0021.png"; bbox 0 0 1508 2641; ppageno 0'>
   <div class='ocr_carea' id='block_1_1' title="bbox 174 122 1362 206">
    <p class='ocr_par' dir='ltr' id='par_1_1' title="bbox 174 122 1362 206">
     <span class='ocr_line' id='line_1_1' title="bbox 174 122 1362 206; baseline 0.039 -46"><span class='ocrx_word' id='word_1_1' title='bbox 174 122 231 176; x_wconf 63' lang='lat' dir='ltr'>i]</span> <span class='ocrx_word' id='word_1_2' title='bbox 588 140 934 188; x_wconf 75' lang='lat' dir='ltr'><strong>GEORGICON.</strong></span> <span class='ocrx_word' id='word_1_3' title='bbox 1315 170 1362 206; x_wconf 73' lang='lat'>15</span> 
     </span>
    </p>
   </div>
   <div class='ocr_carea' id='block_1_2' title="bbox 123 231 1357 1377">
    <p class='ocr_par' dir='ltr' id='par_1_2' title="bbox 170 231 1073 300">
     <span class='ocr_line' id='line_1_2' title="bbox 170 231 1073 300; baseline 0.038 -34"><span class='ocrx_word' id='word_1_4' title='bbox 170 231 333 271; x_wconf 81' lang='lat' dir='ltr'>Dilectae</span> <span class='ocrx_word' id='word_1_5' title='bbox 356 237 512 279; x_wconf 82' lang='lat' dir='ltr'>Thetidi</span> <span class='ocrx_word' id='word_1_6' title='bbox 533 245 727 295; x_wconf 81' lang='lat' dir='ltr'>alcyones3</span> <span class='ocrx_word' id='word_1_7' title='bbox 749 265 823 290; x_wconf 90' lang='lat' dir='ltr'>non</span> <span class='ocrx_word' id='word_1_8' title='bbox 846 269 909 294; x_wconf 87' lang='lat' dir='ltr'>ore</span> <span class='ocrx_word' id='word_1_9' title='bbox 931 260 1073 300; x_wconf 80' lang='lat' dir='ltr'>solutos</span> 
     </span>
    </p>

    <p class='ocr_par' dir='ltr' id='par_1_3' title="bbox 160 283 1357 512">
     <span class='ocr_line' id='line_1_3' title="bbox 168 283 1357 363; baseline 0.037 -43"><span class='ocrx_word' id='word_1_10' title='bbox 168 283 363 326; x_wconf 82' lang='lat' dir='ltr'>Immundi</span> <span class='ocrx_word' id='word_1_11' title='bbox 383 295 590 335; x_wconf 81' lang='lat' dir='ltr'><strong>meminere</strong></span> <span class='ocrx_word' id='word_1_12' title='bbox 609 312 695 338; x_wconf 86' lang='lat' dir='ltr'>sues</span> <span class='ocrx_word' id='word_1_13' title='bbox 706 303 855 351; x_wconf 86' lang='lat' dir='ltr'>jactare</span> <span class='ocrx_word' id='word_1_14' title='bbox 874 314 1073 362; x_wconf 81' lang='lat' dir='ltr'>maniplos.</span> <span class='ocrx_word' id='word_1_15' title='bbox 1277 328 1357 363; x_wconf 82' lang='lat'>400</span> 
     </span>
     <span class='ocr_line' id='line_1_4' title="bbox 166 339 1267 415; baseline 0.038 -42"><span class='ocrx_word' id='word_1_16' title='bbox 166 339 222 374; x_wconf 87' lang='lat' dir='ltr'>At</span> <span class='ocrx_word' id='word_1_17' title='bbox 242 342 391 379; x_wconf 82' lang='lat' dir='ltr'>nebulae</span> <span class='ocrx_word' id='word_1_18' title='bbox 411 349 533 395; x_wconf 85' lang='lat' dir='ltr'>magis</span> <span class='ocrx_word' id='word_1_19' title='bbox 553 350 628 390; x_wconf 84' lang='lat' dir='ltr'>ima</span> <span class='ocrx_word' id='word_1_20' title='bbox 649 363 788 402; x_wconf 87' lang='lat' dir='ltr'>petunt</span> <span class='ocrx_word' id='word_1_21' title='bbox 807 373 1018 415; x_wconf 79' lang='lat' dir='ltr'>campoque</span> <span class='ocrx_word' id='word_1_22' title='bbox 1037 375 1267 414; x_wconf 86' lang='lat' dir='ltr'>recumbunt</span> 
     </span>
     <span class='ocr_line' id='line_1_5' title="bbox 166 391 1114 461; baseline 0.039 -36"><span class='ocrx_word' id='word_1_23' title='bbox 166 391 265 429; x_wconf 79' lang='lat' dir='ltr'>Solis</span> <span class='ocrx_word' id='word_1_24' title='bbox 284 401 322 431; x_wconf 90' lang='lat' dir='ltr'>et</span> <span class='ocrx_word' id='word_1_25' title='bbox 341 409 516 437; x_wconf 87' lang='lat' dir='ltr'>occasum</span> <span class='ocrx_word' id='word_1_26' title='bbox 535 415 693 444; x_wconf 81' lang='lat' dir='ltr'>servans</span> <span class='ocrx_word' id='word_1_27' title='bbox 713 411 760 447; x_wconf 92' lang='lat' dir='ltr'>de</span> <span class='ocrx_word' id='word_1_28' title='bbox 779 414 945 456; x_wconf 89' lang='lat' dir='ltr'>culmine</span> <span class='ocrx_word' id='word_1_29' title='bbox 965 432 1114 461; x_wconf 86' lang='lat' dir='ltr'>summo</span> 
     </span>
     <span class='ocr_line' id='line_1_6' title="bbox 160 442 1053 512; baseline 0.037 -33"><span class='ocrx_word' id='word_1_30' title='bbox 160 442 431 497; x_wconf 86' lang='lat' dir='ltr'><strong>Nequidquam</strong></span> <span class='ocrx_word' id='word_1_31' title='bbox 452 465 556 492; x_wconf 87' lang='lat' dir='ltr'>seros</span> <span class='ocrx_word' id='word_1_32' title='bbox 574 469 730 500; x_wconf 80' lang='lat' dir='ltr'>exercet</span> <span class='ocrx_word' id='word_1_33' title='bbox 747 474 888 506; x_wconf 85' lang='lat' dir='ltr'>noctua</span> <span class='ocrx_word' id='word_1_34' title='bbox 907 480 1053 512; x_wconf 85' lang='lat' dir='ltr'>cantus.</span> 
     </span>
    </p>

    <p class='ocr_par' dir='ltr' id='par_1_4' title="bbox 158 497 1010 572">
     <span class='ocr_line' id='line_1_7' title="bbox 158 497 1010 572; baseline 0.039 -41"><span class='ocrx_word' id='word_1_35' title='bbox 158 497 334 546; x_wconf 85' lang='lat' dir='ltr'>Apparet</span> <span class='ocrx_word' id='word_1_36' title='bbox 353 502 500 552; x_wconf 91' lang='lat' dir='ltr'>liquido</span> <span class='ocrx_word' id='word_1_37' title='bbox 518 511 692 551; x_wconf 86' lang='lat' dir='ltr'>sublimis</span> <span class='ocrx_word' id='word_1_38' title='bbox 712 516 752 553; x_wconf 88' lang='lat' dir='ltr'>in</span> <span class='ocrx_word' id='word_1_39' title='bbox 771 522 858 559; x_wconf 78' lang='lat' dir='ltr'>ae&#39;re</span> <span class='ocrx_word' id='word_1_40' title='bbox 878 523 1010 572; x_wconf 77' lang='lat' dir='ltr'>Nisus,</span> 
     </span>
    </p>

    <p class='ocr_par' dir='ltr' id='par_1_5' title="bbox 147 548 1341 791">
     <span class='ocr_line' id='line_1_8' title="bbox 155 548 1075 627; baseline 0.038 -43"><span class='ocrx_word' id='word_1_41' title='bbox 155 548 209 586; x_wconf 89' lang='lat' dir='ltr'>Et</span> <span class='ocrx_word' id='word_1_42' title='bbox 227 563 297 598; x_wconf 92' lang='lat' dir='ltr'>pro</span> <span class='ocrx_word' id='word_1_43' title='bbox 315 566 510 605; x_wconf 88' lang='lat' dir='ltr'>purpureo</span> <span class='ocrx_word' id='word_1_44' title='bbox 526 575 659 610; x_wconf 80' lang='lat' dir='ltr'>poenas</span> <span class='ocrx_word' id='word_1_45' title='bbox 682 569 747 606; x_wconf 72' lang='lat' dir='ltr'>dat</span> <span class='ocrx_word' id='word_1_46' title='bbox 769 571 898 622; x_wconf 82' lang='lat' dir='ltr'>Scylla</span> <span class='ocrx_word' id='word_1_47' title='bbox 917 581 1075 627; x_wconf 84' lang='lat' dir='ltr'>capillo:</span> 
     </span>
     <span class='ocr_line' id='line_1_9' title="bbox 157 600 1341 689; baseline 0.04 -52"><span class='ocrx_word' id='word_1_48' title='bbox 157 600 404 655; x_wconf 81' lang='lat' dir='ltr'>Quacumque</span> <span class='ocrx_word' id='word_1_49' title='bbox 422 611 488 650; x_wconf 88' lang='lat' dir='ltr'>illa</span> <span class='ocrx_word' id='word_1_50' title='bbox 507 614 630 655; x_wconf 88' lang='lat' dir='ltr'>levem</span> <span class='ocrx_word' id='word_1_51' title='bbox 651 619 805 671; x_wconf 78' lang='lat' dir='ltr'>fugiens</span> <span class='ocrx_word' id='word_1_52' title='bbox 823 637 926 667; x_wconf 85' lang='lat' dir='ltr'>secat</span> <span class='ocrx_word' id='word_1_53' title='bbox 946 634 1090 674; x_wconf 85' lang='lat' dir='ltr'>aethera</span> <span class='ocrx_word' id='word_1_54' title='bbox 1110 643 1341 689; x_wconf 82' lang='lat' dir='ltr'>pennis‚405</span> 
     </span>
     <span class='ocr_line' id='line_1_10' title="bbox 150 653 1167 734; baseline 0.041 -45"><span class='ocrx_word' id='word_1_55' title='bbox 150 653 252 693; x_wconf 88' lang='lat' dir='ltr'>Ecce</span> <span class='ocrx_word' id='word_1_56' title='bbox 270 658 460 709; x_wconf 84' lang='lat' dir='ltr'>inimicus,</span> <span class='ocrx_word' id='word_1_57' title='bbox 482 674 606 716; x_wconf 80' lang='lat' dir='ltr'>atrox,</span> <span class='ocrx_word' id='word_1_58' title='bbox 627 685 764 724; x_wconf 87' lang='lat' dir='ltr'>magno</span> <span class='ocrx_word' id='word_1_59' title='bbox 784 681 947 721; x_wconf 80' lang='lat' dir='ltr'>stridore</span> <span class='ocrx_word' id='word_1_60' title='bbox 965 699 1035 734; x_wconf 90' lang='lat' dir='ltr'>per</span> <span class='ocrx_word' id='word_1_61' title='bbox 1054 703 1167 731; x_wconf 82' lang='lat' dir='ltr'>auras</span> 
     </span>
     <span class='ocr_line' id='line_1_11' title="bbox 147 706 1144 791; baseline 0.04 -49"><span class='ocrx_word' id='word_1_62' title='bbox 147 706 374 759; x_wconf 86' lang='lat' dir='ltr'>Insequitur</span> <span class='ocrx_word' id='word_1_63' title='bbox 392 716 537 764; x_wconf 81' lang='lat' dir='ltr'>Nisus3</span> <span class='ocrx_word' id='word_1_64' title='bbox 565 736 640 771; x_wconf 81' lang='lat' dir='ltr'>qua</span> <span class='ocrx_word' id='word_1_65' title='bbox 660 739 700 765; x_wconf 88' lang='lat' dir='ltr'>se</span> <span class='ocrx_word' id='word_1_66' title='bbox 718 729 794 768; x_wconf 85' lang='lat' dir='ltr'>fert</span> <span class='ocrx_word' id='word_1_67' title='bbox 814 733 936 774; x_wconf 86' lang='lat' dir='ltr'>Nisus</span> <span class='ocrx_word' id='word_1_68' title='bbox 954 740 1003 776; x_wconf 83' lang='lat' dir='ltr'>ad</span> <span class='ocrx_word' id='word_1_69' title='bbox 1022 754 1144 791; x_wconf 86' lang='lat' dir='ltr'>auras,</span> 
     </span>
    </p>

    <p class='ocr_par' dir='ltr' id='par_1_6' title="bbox 145 759 1150 842">
     <span class='ocr_line' id='line_1_12' title="bbox 145 759 1150 842; baseline 0.041 -47"><span class='ocrx_word' id='word_1_70' title='bbox 145 759 219 798; x_wconf 89' lang='lat' dir='ltr'>Illa</span> <span class='ocrx_word' id='word_1_71' title='bbox 237 763 361 804; x_wconf 88' lang='lat' dir='ltr'>levem</span> <span class='ocrx_word' id='word_1_72' title='bbox 380 769 535 819; x_wconf 85' lang='lat' dir='ltr'>fugiens</span> <span class='ocrx_word' id='word_1_73' title='bbox 554 779 695 827; x_wconf 84' lang='lat' dir='ltr'>raptim</span> <span class='ocrx_word' id='word_1_74' title='bbox 715 792 818 823; x_wconf 85' lang='lat' dir='ltr'>secat</span> <span class='ocrx_word' id='word_1_75' title='bbox 838 790 980 830; x_wconf 83' lang='lat' dir='ltr'>aethera</span> <span class='ocrx_word' id='word_1_76' title='bbox 998 799 1150 842; x_wconf 89' lang='lat' dir='ltr'>pennis.</span> 
     </span>
    </p>

    <p class='ocr_par' dir='ltr' id='par_1_7' title="bbox 142 811 1334 951">
     <span class='ocr_line' id='line_1_13' title="bbox 146 811 1334 895; baseline 0.041 -47"><span class='ocrx_word' id='word_1_77' title='bbox 146 811 247 852; x_wconf 88' lang='lat' dir='ltr'>Tum</span> <span class='ocrx_word' id='word_1_78' title='bbox 266 817 431 867; x_wconf 85' lang='lat' dir='ltr'>liquidas</span> <span class='ocrx_word' id='word_1_79' title='bbox 451 829 559 864; x_wconf 90' lang='lat' dir='ltr'>corvi</span> <span class='ocrx_word' id='word_1_80' title='bbox 577 843 709 879; x_wconf 87' lang='lat' dir='ltr'>presso</span> <span class='ocrx_word' id='word_1_81' title='bbox 731 843 789 874; x_wconf 84' lang='lat' dir='ltr'>ter</span> <span class='ocrx_word' id='word_1_82' title='bbox 805 848 964 889; x_wconf 83' lang='lat' dir='ltr'>gutture</span> <span class='ocrx_word' id='word_1_83' title='bbox 984 859 1097 887; x_wconf 87' lang='lat' dir='ltr'>voces</span> <span class='ocrx_word' id='word_1_84' title='bbox 1254 859 1334 895; x_wconf 78' lang='lat'>410</span> 
     </span>
     <span class='ocr_line' id='line_1_14' title="bbox 142 865 1167 951; baseline 0.041 -50"><span class='ocrx_word' id='word_1_85' title='bbox 142 865 226 904; x_wconf 89' lang='lat' dir='ltr'>Aut</span> <span class='ocrx_word' id='word_1_86' title='bbox 245 879 382 919; x_wconf 82' lang='lat' dir='ltr'>quater</span> <span class='ocrx_word' id='word_1_87' title='bbox 400 875 640 926; x_wconf 84' lang='lat' dir='ltr'>ingeminant</span> <span class='ocrx_word' id='word_1_88' title='bbox 648 901 658 930; x_wconf 84' lang='lat'><em>3</em></span> <span class='ocrx_word' id='word_1_89' title='bbox 678 894 717 924; x_wconf 88' lang='lat' dir='ltr'>et</span> <span class='ocrx_word' id='word_1_90' title='bbox 737 902 836 941; x_wconf 73' lang='lat' dir='ltr'>saepe</span> <span class='ocrx_word' id='word_1_91' title='bbox 856 898 1047 938; x_wconf 85' lang='lat' dir='ltr'>cubilibus</span> <span class='ocrx_word' id='word_1_92' title='bbox 1067 904 1167 951; x_wconf 84' lang='lat' dir='ltr'>altis,</span> 
     </span>
    </p>

    <p class='ocr_par' dir='ltr' id='par_1_8' title="bbox 141 918 1045 998">
     <span class='ocr_line' id='line_1_15' title="bbox 141 918 1045 998; baseline 0.041 -44"><span class='ocrx_word' id='word_1_93' title='bbox 141 918 285 959; x_wconf 89' lang='lat' dir='ltr'>Nescio</span> <span class='ocrx_word' id='word_1_94' title='bbox 306 938 382 973; x_wconf 87' lang='lat' dir='ltr'>qua</span> <span class='ocrx_word' id='word_1_95' title='bbox 402 938 539 977; x_wconf 83' lang='lat' dir='ltr'>praeter</span> <span class='ocrx_word' id='word_1_96' title='bbox 560 938 715 977; x_wconf 88' lang='lat' dir='ltr'>solitum</span> <span class='ocrx_word' id='word_1_97' title='bbox 735 945 937 987; x_wconf 80' lang='lat' dir='ltr'>dulcedine</span> <span class='ocrx_word' id='word_1_98' title='bbox 956 951 1045 998; x_wconf 83' lang='lat' dir='ltr'>laeti,</span> 
     </span>
    </p>

    <p class='ocr_par' dir='ltr' id='par_1_9' title="bbox 134 970 1203 1106">
     <span class='ocr_line' id='line_1_16' title="bbox 136 970 1203 1058; baseline 0.042 -52"><span class='ocrx_word' id='word_1_99' title='bbox 136 970 247 1011; x_wconf 87' lang='lat' dir='ltr'>Inter</span> <span class='ocrx_word' id='word_1_100' title='bbox 266 988 306 1014; x_wconf 89' lang='lat' dir='ltr'>se</span> <span class='ocrx_word' id='word_1_101' title='bbox 324 979 366 1015; x_wconf 91' lang='lat' dir='ltr'>in</span> <span class='ocrx_word' id='word_1_102' title='bbox 385 981 487 1021; x_wconf 88' lang='lat' dir='ltr'>foliis</span> <span class='ocrx_word' id='word_1_103' title='bbox 506 991 728 1039; x_wconf 85' lang='lat' dir='ltr'>strepitant;</span> <span class='ocrx_word' id='word_1_104' title='bbox 741 996 867 1045; x_wconf 87' lang='lat' dir='ltr'>juvat,</span> <span class='ocrx_word' id='word_1_105' title='bbox 888 1002 1077 1046; x_wconf 81' lang='lat' dir='ltr'>imbribus</span> <span class='ocrx_word' id='word_1_106' title='bbox 1097 1012 1203 1058; x_wconf 86' lang='lat' dir='ltr'>actis,</span> 
     </span>
     <span class='ocr_line' id='line_1_17' title="bbox 134 1024 1105 1106; baseline 0.041 -46"><span class='ocrx_word' id='word_1_107' title='bbox 134 1024 367 1075; x_wconf 85' lang='lat' dir='ltr'>Progeniem</span> <span class='ocrx_word' id='word_1_108' title='bbox 387 1047 546 1082; x_wconf 83' lang='lat' dir='ltr'>parvam</span> <span class='ocrx_word' id='word_1_109' title='bbox 566 1043 771 1097; x_wconf 88' lang='lat' dir='ltr'>dulcesque</span> <span class='ocrx_word' id='word_1_110' title='bbox 790 1055 958 1095; x_wconf 89' lang='lat' dir='ltr'>revisere</span> <span class='ocrx_word' id='word_1_111' title='bbox 978 1060 1087 1099; x_wconf 91' lang='lat' dir='ltr'>nidos</span> <span class='ocrx_word' id='word_1_112' title='bbox 1095 1078 1105 1106; x_wconf 85' lang='lat'><em>3</em></span> 
     </span>
    </p>

    <p class='ocr_par' dir='ltr' id='par_1_10' title="bbox 130 1076 1321 1213">
     <span class='ocr_line' id='line_1_18' title="bbox 132 1076 1321 1160; baseline 0.04 -47"><span class='ocrx_word' id='word_1_113' title='bbox 132 1076 252 1117; x_wconf 88' lang='lat' dir='ltr'>Haud</span> <span class='ocrx_word' id='word_1_114' title='bbox 278 1086 455 1132; x_wconf 89' lang='lat' dir='ltr'>equidem</span> <span class='ocrx_word' id='word_1_115' title='bbox 474 1095 597 1141; x_wconf 89' lang='lat' dir='ltr'>credo,</span> <span class='ocrx_word' id='word_1_116' title='bbox 619 1100 710 1145; x_wconf 85' lang='lat' dir='ltr'>quia</span> <span class='ocrx_word' id='word_1_117' title='bbox 728 1103 777 1140; x_wconf 89' lang='lat' dir='ltr'>sit</span> <span class='ocrx_word' id='word_1_118' title='bbox 797 1106 986 1148; x_wconf 90' lang='lat' dir='ltr'>divinitus</span> <span class='ocrx_word' id='word_1_119' title='bbox 1005 1113 1081 1152; x_wconf 90' lang='lat' dir='ltr'>illis</span> <span class='ocrx_word' id='word_1_120' title='bbox 1244 1123 1321 1160; x_wconf 84' lang='lat'>415</span> 
     </span>
     <span class='ocr_line' id='line_1_19' title="bbox 130 1129 1064 1213; baseline 0.042 -48"><span class='ocrx_word' id='word_1_121' title='bbox 130 1129 347 1182; x_wconf 86' lang='lat' dir='ltr'>Ingenium,</span> <span class='ocrx_word' id='word_1_122' title='bbox 368 1147 435 1178; x_wconf 89' lang='lat' dir='ltr'>aut</span> <span class='ocrx_word' id='word_1_123' title='bbox 454 1156 584 1184; x_wconf 88' lang='lat' dir='ltr'>rerum</span> <span class='ocrx_word' id='word_1_124' title='bbox 603 1150 683 1189; x_wconf 87' lang='lat' dir='ltr'>fato</span> <span class='ocrx_word' id='word_1_125' title='bbox 701 1158 907 1202; x_wconf 87' lang='lat' dir='ltr'>prudentia</span> <span class='ocrx_word' id='word_1_126' title='bbox 926 1165 1064 1213; x_wconf 83' lang='lat' dir='ltr'>maj01·;</span> 
     </span>
    </p>

    <p class='ocr_par' dir='ltr' id='par_1_11' title="bbox 129 1182 1091 1258">
     <span class='ocr_line' id='line_1_20' title="bbox 129 1182 1091 1258; baseline 0.043 -40"><span class='ocrx_word' id='word_1_127' title='bbox 129 1182 287 1233; x_wconf 86' lang='lat' dir='ltr'>Verum,</span> <span class='ocrx_word' id='word_1_128' title='bbox 309 1192 375 1228; x_wconf 89' lang='lat' dir='ltr'>ubi</span> <span class='ocrx_word' id='word_1_129' title='bbox 394 1198 601 1245; x_wconf 82' lang='lat' dir='ltr'>tempestas</span> <span class='ocrx_word' id='word_1_130' title='bbox 615 1210 654 1241; x_wconf 89' lang='lat' dir='ltr'>et</span> <span class='ocrx_word' id='word_1_131' title='bbox 673 1208 759 1245; x_wconf 83' lang='lat' dir='ltr'>coeli</span> <span class='ocrx_word' id='word_1_132' title='bbox 779 1213 932 1253; x_wconf 85' lang='lat' dir='ltr'>mobilis</span> <span class='ocrx_word' id='word_1_133' title='bbox 952 1218 1091 1258; x_wconf 88' lang='lat' dir='ltr'>humor</span> 
     </span>
    </p>

    <p class='ocr_par' dir='ltr' id='par_1_12' title="bbox 124 1234 1003 1309">
     <span class='ocr_line' id='line_1_21' title="bbox 124 1234 1003 1309; baseline 0.043 -38"><span class='ocrx_word' id='word_1_134' title='bbox 124 1234 330 1280; x_wconf 88' lang='lat' dir='ltr'>Mutavere</span> <span class='ocrx_word' id='word_1_135' title='bbox 350 1245 443 1292; x_wconf 79' lang='lat' dir='ltr'>vias,</span> <span class='ocrx_word' id='word_1_136' title='bbox 466 1257 504 1287; x_wconf 91' lang='lat' dir='ltr'>et</span> <span class='ocrx_word' id='word_1_137' title='bbox 522 1252 682 1304; x_wconf 76' lang='lat' dir='ltr'>Jupiter</span> <span class='ocrx_word' id='word_1_138' title='bbox 703 1263 842 1302; x_wconf 90' lang='lat' dir='ltr'>uvidus</span> <span class='ocrx_word' id='word_1_139' title='bbox 862 1271 1003 1309; x_wconf 87' lang='lat' dir='ltr'>austris</span> 
     </span>
    </p>

    <p class='ocr_par' dir='ltr' id='par_1_13' title="bbox 123 1287 1276 1377">
     <span class='ocr_line' id='line_1_22' title="bbox 123 1287 1276 1377; baseline 0.042 -53"><span class='ocrx_word' id='word_1_140' title='bbox 123 1287 282 1339; x_wconf 84' lang='lat' dir='ltr'>Densat,</span> <span class='ocrx_word' id='word_1_141' title='bbox 302 1305 412 1336; x_wconf 91' lang='lat' dir='ltr'>erant</span> <span class='ocrx_word' id='word_1_142' title='bbox 431 1314 516 1350; x_wconf 83' lang='lat' dir='ltr'>quae</span> <span class='ocrx_word' id='word_1_143' title='bbox 536 1319 621 1346; x_wconf 86' lang='lat' dir='ltr'>rara</span> <span class='ocrx_word' id='word_1_144' title='bbox 641 1314 764 1360; x_wconf 89' lang='lat' dir='ltr'>modo,</span> <span class='ocrx_word' id='word_1_145' title='bbox 787 1323 835 1362; x_wconf 89' lang='lat' dir='ltr'>et,</span> <span class='ocrx_word' id='word_1_146' title='bbox 857 1332 942 1368; x_wconf 80' lang='lat' dir='ltr'>quae</span> <span class='ocrx_word' id='word_1_147' title='bbox 961 1324 1089 1373; x_wconf 85' lang='lat' dir='ltr'>densa,</span> <span class='ocrx_word' id='word_1_148' title='bbox 1110 1331 1276 1377; x_wconf 79' lang='lat' dir='ltr'>relaxat3</span> 
     </span>
    </p>
   </div>
   <div class='ocr_carea' id='block_1_3' title="bbox 117 1340 1312 1478">
    <p class='ocr_par' dir='ltr' id='par_1_14' title="bbox 117 1340 1312 1478">
     <span class='ocr_line' id='line_1_23' title="bbox 121 1340 1312 1425; baseline 0.043 -49"><span class='ocrx_word' id='word_1_149' title='bbox 121 1340 341 1385; x_wconf 90' lang='lat' dir='ltr'>Vertuntur</span> <span class='ocrx_word' id='word_1_150' title='bbox 359 1355 505 1400; x_wconf 89' lang='lat' dir='ltr'>species</span> <span class='ocrx_word' id='word_1_151' title='bbox 523 1360 750 1412; x_wconf 87' lang='lat' dir='ltr'>animorum,</span> <span class='ocrx_word' id='word_1_152' title='bbox 772 1376 811 1406; x_wconf 90' lang='lat' dir='ltr'>et</span> <span class='ocrx_word' id='word_1_153' title='bbox 830 1380 985 1420; x_wconf 84' lang='lat' dir='ltr'>pectora</span> <span class='ocrx_word' id='word_1_154' title='bbox 1006 1387 1132 1420; x_wconf 88' lang='lat' dir='ltr'>motus</span> <span class='ocrx_word' id='word_1_155' title='bbox 1232 1389 1312 1425; x_wconf 83' lang='lat'>420</span> 
     </span>
     <span class='ocr_line' id='line_1_24' title="bbox 117 1393 1078 1478; baseline 0.044 -49"><span class='ocrx_word' id='word_1_156' title='bbox 117 1393 159 1430; x_wconf 92' lang='lat' dir='ltr'>N</span> <span class='ocrx_word' id='word_1_157' title='bbox 162 1408 234 1435; x_wconf 90' lang='lat' dir='ltr'>unc</span> <span class='ocrx_word' id='word_1_158' title='bbox 253 1400 358 1448; x_wconf 83' lang='lat' dir='ltr'>alios,</span> <span class='ocrx_word' id='word_1_159' title='bbox 379 1405 483 1453; x_wconf 84' lang='lat' dir='ltr'>alios,</span> <span class='ocrx_word' id='word_1_160' title='bbox 505 1411 598 1450; x_wconf 90' lang='lat' dir='ltr'>dum</span> <span class='ocrx_word' id='word_1_161' title='bbox 617 1418 751 1457; x_wconf 88' lang='lat' dir='ltr'>nubila</span> <span class='ocrx_word' id='word_1_162' title='bbox 772 1431 908 1464; x_wconf 86' lang='lat' dir='ltr'>ventus</span> <span class='ocrx_word' id='word_1_163' title='bbox 928 1432 1078 1478; x_wconf 82' lang='lat' dir='ltr'>agebat,</span> 
     </span>
    </p>
   </div>
   <div class='ocr_carea' id='block_1_4' title="bbox 106 1446 1298 1735">
    <p class='ocr_par' dir='ltr' id='par_1_15' title="bbox 112 1446 1142 1576">
     <span class='ocr_line' id='line_1_25' title="bbox 117 1446 1142 1536; baseline 0.043 -54"><span class='ocrx_word' id='word_1_164' title='bbox 117 1446 367 1500; x_wconf 85' lang='lat' dir='ltr'>Concipiunt:</span> <span class='ocrx_word' id='word_1_165' title='bbox 396 1458 486 1499; x_wconf 90' lang='lat' dir='ltr'>hinc</span> <span class='ocrx_word' id='word_1_166' title='bbox 504 1464 570 1503; x_wconf 91' lang='lat' dir='ltr'>ille</span> <span class='ocrx_word' id='word_1_167' title='bbox 588 1469 720 1509; x_wconf 88' lang='lat' dir='ltr'>avium</span> <span class='ocrx_word' id='word_1_168' title='bbox 738 1485 947 1518; x_wconf 87' lang='lat' dir='ltr'>concentus</span> <span class='ocrx_word' id='word_1_169' title='bbox 966 1483 1007 1520; x_wconf 89' lang='lat' dir='ltr'>in</span> <span class='ocrx_word' id='word_1_170' title='bbox 1027 1488 1142 1536; x_wconf 82' lang='lat' dir='ltr'>agris,</span> 
     </span>
     <span class='ocr_line' id='line_1_26' title="bbox 112 1499 1034 1576; baseline 0.043 -41"><span class='ocrx_word' id='word_1_171' title='bbox 112 1499 166 1538; x_wconf 89' lang='lat' dir='ltr'>Et</span> <span class='ocrx_word' id='word_1_172' title='bbox 184 1502 280 1542; x_wconf 84' lang='lat' dir='ltr'>laetae</span> <span class='ocrx_word' id='word_1_173' title='bbox 299 1512 475 1560; x_wconf 90' lang='lat' dir='ltr'>pecudes,</span> <span class='ocrx_word' id='word_1_174' title='bbox 495 1523 534 1554; x_wconf 88' lang='lat' dir='ltr'>et</span> <span class='ocrx_word' id='word_1_175' title='bbox 553 1529 713 1562; x_wconf 89' lang='lat' dir='ltr'>ovantes</span> <span class='ocrx_word' id='word_1_176' title='bbox 731 1534 890 1576; x_wconf 89' lang='lat' dir='ltr'>gutture</span> <span class='ocrx_word' id='word_1_177' title='bbox 915 1537 1034 1575; x_wconf 85' lang='lat' dir='ltr'>corvi.</span> 
     </span>
    </p>

    <p class='ocr_par' dir='ltr' id='par_1_16' title="bbox 106 1553 1298 1735">
     <span class='ocr_line' id='line_1_27' title="bbox 166 1553 1150 1639; baseline 0.043 -48"><span class='ocrx_word' id='word_1_178' title='bbox 166 1553 208 1592; x_wconf 86' lang='lat' dir='ltr'>Si</span> <span class='ocrx_word' id='word_1_179' title='bbox 226 1568 321 1597; x_wconf 87' lang='lat' dir='ltr'>vero</span> <span class='ocrx_word' id='word_1_180' title='bbox 338 1564 457 1603; x_wconf 87' lang='lat' dir='ltr'>solem</span> <span class='ocrx_word' id='word_1_181' title='bbox 475 1570 523 1606; x_wconf 89' lang='lat' dir='ltr'>ad</span> <span class='ocrx_word' id='word_1_182' title='bbox 541 1575 721 1622; x_wconf 86' lang='lat' dir='ltr'>rapidum</span> <span class='ocrx_word' id='word_1_183' title='bbox 739 1580 926 1631; x_wconf 85' lang='lat' dir='ltr'>lunasque</span> <span class='ocrx_word' id='word_1_184' title='bbox 945 1600 1150 1639; x_wconf 83' lang='lat' dir='ltr'>sequentes</span> 
     </span>
     <span class='ocr_line' id='line_1_28' title="bbox 111 1605 1298 1691; baseline 0.043 -50"><span class='ocrx_word' id='word_1_185' title='bbox 111 1605 258 1648; x_wconf 90' lang='lat' dir='ltr'>Ordine</span> <span class='ocrx_word' id='word_1_186' title='bbox 276 1616 469 1664; x_wconf 86' lang='lat' dir='ltr'>respicies,</span> <span class='ocrx_word' id='word_1_187' title='bbox 491 1634 686 1673; x_wconf 88' lang='lat' dir='ltr'>nunquam</span> <span class='ocrx_word' id='word_1_188' title='bbox 707 1638 744 1669; x_wconf 89' lang='lat' dir='ltr'>te</span> <span class='ocrx_word' id='word_1_189' title='bbox 764 1638 932 1677; x_wconf 85' lang='lat' dir='ltr'>crastina</span> <span class='ocrx_word' id='word_1_190' title='bbox 951 1641 1058 1682; x_wconf 89' lang='lat' dir='ltr'>fallet</span> <span class='ocrx_word' id='word_1_191' title='bbox 1220 1654 1298 1691; x_wconf 85' lang='lat'>425</span> 
     </span>
     <span class='ocr_line' id='line_1_29' title="bbox 106 1657 1029 1735; baseline 0.043 -41"><span class='ocrx_word' id='word_1_192' title='bbox 106 1657 225 1707; x_wconf 90' lang='lat' dir='ltr'>Hora,</span> <span class='ocrx_word' id='word_1_193' title='bbox 246 1676 371 1714; x_wconf 91' lang='lat' dir='ltr'>neque</span> <span class='ocrx_word' id='word_1_194' title='bbox 390 1670 541 1713; x_wconf 86' lang='lat' dir='ltr'>insidiis</span> <span class='ocrx_word' id='word_1_195' title='bbox 559 1682 682 1720; x_wconf 88' lang='lat' dir='ltr'>noctis</span> <span class='ocrx_word' id='word_1_196' title='bbox 701 1688 851 1735; x_wconf 87' lang='lat' dir='ltr'>capiere</span> <span class='ocrx_word' id='word_1_197' title='bbox 870 1704 1029 1733; x_wconf 86' lang='lat' dir='ltr'>serenae.</span> 
     </span>
    </p>
   </div>
   <div class='ocr_carea' id='block_1_5' title="bbox 82 1814 1288 2313">
    <p class='ocr_par' dir='ltr' id='par_1_17' title="bbox 98 1814 1108 1896">
     <span class='ocr_line' id='line_1_30' title="bbox 98 1814 1108 1896; baseline 0.041 -43"><span class='ocrx_word' id='word_1_198' title='bbox 98 1814 308 1862; x_wconf 88' lang='lat' dir='ltr'>Maxumus</span> <span class='ocrx_word' id='word_1_199' title='bbox 327 1830 507 1877; x_wconf 87' lang='lat' dir='ltr'>agricolis</span> <span class='ocrx_word' id='word_1_200' title='bbox 527 1838 738 1891; x_wconf 78' lang='lat' dir='ltr'>pelagoque</span> <span class='ocrx_word' id='word_1_201' title='bbox 757 1851 956 1894; x_wconf 86' lang='lat' dir='ltr'>parabitur</span> <span class='ocrx_word' id='word_1_202' title='bbox 971 1855 1108 1896; x_wconf 87' lang='lat' dir='ltr'>imber.</span> 
     </span>
    </p>

    <p class='ocr_par' dir='ltr' id='par_1_18' title="bbox 95 1869 1288 2003">
     <span class='ocr_line' id='line_1_31' title="bbox 95 1869 1288 1955; baseline 0.044 -50"><span class='ocrx_word' id='word_1_203' title='bbox 95 1869 154 1907; x_wconf 89' lang='lat' dir='ltr'>At</span> <span class='ocrx_word' id='word_1_204' title='bbox 173 1873 204 1909; x_wconf 88' lang='lat' dir='ltr'>si</span> <span class='ocrx_word' id='word_1_205' title='bbox 224 1877 444 1927; x_wconf 88' lang='lat' dir='ltr'>virgineum</span> <span class='ocrx_word' id='word_1_206' title='bbox 463 1888 667 1932; x_wconf 84' lang='lat' dir='ltr'>suffuderit</span> <span class='ocrx_word' id='word_1_207' title='bbox 687 1910 752 1936; x_wconf 88' lang='lat' dir='ltr'>ore</span> <span class='ocrx_word' id='word_1_208' title='bbox 770 1903 962 1952; x_wconf 90' lang='lat' dir='ltr'>ruborem,</span> <span class='ocrx_word' id='word_1_209' title='bbox 1026 1915 1031 1931; x_wconf 70' lang='lat'><em>¹</em></span> <span class='ocrx_word' id='word_1_210' title='bbox 1208 1919 1288 1955; x_wconf 86' lang='lat'>430</span> 
     </span>
     <span class='ocr_line' id='line_1_32' title="bbox 95 1921 1115 2003; baseline 0.045 -45"><span class='ocrx_word' id='word_1_211' title='bbox 95 1921 245 1965; x_wconf 86' lang='lat' dir='ltr'>Ventus</span> <span class='ocrx_word' id='word_1_212' title='bbox 264 1932 355 1977; x_wconf 82' lang='lat' dir='ltr'>erit3</span> <span class='ocrx_word' id='word_1_213' title='bbox 385 1945 500 1977; x_wconf 87' lang='lat' dir='ltr'>vento</span> <span class='ocrx_word' id='word_1_214' title='bbox 519 1954 669 1995; x_wconf 89' lang='lat' dir='ltr'>semper</span> <span class='ocrx_word' id='word_1_215' title='bbox 687 1953 800 1991; x_wconf 87' lang='lat' dir='ltr'>rubet</span> <span class='ocrx_word' id='word_1_216' title='bbox 819 1968 935 1997; x_wconf 84' lang='lat' dir='ltr'>aurea</span> <span class='ocrx_word' id='word_1_217' title='bbox 955 1961 1115 2003; x_wconf 84' lang='lat' dir='ltr'>Phoebe.</span> 
     </span>
    </p>

    <p class='ocr_par' dir='ltr' id='par_1_19' title="bbox 88 1974 1157 2114">
     <span class='ocr_line' id='line_1_33' title="bbox 94 1974 1157 2056; baseline 0.046 -45"><span class='ocrx_word' id='word_1_218' title='bbox 94 1974 164 2014; x_wconf 90' lang='lat' dir='ltr'>Sin</span> <span class='ocrx_word' id='word_1_219' title='bbox 183 1987 269 2020; x_wconf 88' lang='lat' dir='ltr'>ortu</span> <span class='ocrx_word' id='word_1_220' title='bbox 288 1994 646 2047; x_wconf 73' lang='lat' dir='ltr'>quarto—namque</span> <span class='ocrx_word' id='word_1_221' title='bbox 664 2002 698 2040; x_wconf 86' lang='lat' dir='ltr'>is</span> <span class='ocrx_word' id='word_1_222' title='bbox 718 2008 951 2050; x_wconf 86' lang='lat' dir='ltr'>certissimus</span> <span class='ocrx_word' id='word_1_223' title='bbox 970 2024 1157 2056; x_wconf 84' lang='lat' dir='ltr'>auctor-</span> 
     </span>
     <span class='ocr_line' id='line_1_34' title="bbox 88 2027 1066 2114; baseline 0.046 -50"><span class='ocrx_word' id='word_1_224' title='bbox 88 2027 203 2078; x_wconf 86' lang='lat' dir='ltr'>Pura,</span> <span class='ocrx_word' id='word_1_225' title='bbox 224 2046 349 2086; x_wconf 90' lang='lat' dir='ltr'>neque</span> <span class='ocrx_word' id='word_1_226' title='bbox 367 2043 514 2085; x_wconf 85' lang='lat' dir='ltr'>obtusis</span> <span class='ocrx_word' id='word_1_227' title='bbox 532 2062 602 2099; x_wconf 90' lang='lat' dir='ltr'>per</span> <span class='ocrx_word' id='word_1_228' title='bbox 619 2055 757 2095; x_wconf 90' lang='lat' dir='ltr'>coelum</span> <span class='ocrx_word' id='word_1_229' title='bbox 776 2064 957 2104; x_wconf 87' lang='lat' dir='ltr'>cornibus</span> <span class='ocrx_word' id='word_1_230' title='bbox 975 2068 1066 2114; x_wconf 78' lang='lat' dir='ltr'>ibit3</span> 
     </span>
    </p>

    <p class='ocr_par' dir='ltr' id='par_1_20' title="bbox 90 2080 985 2158">
     <span class='ocr_line' id='line_1_35' title="bbox 90 2080 985 2158; baseline 0.047 -42"><span class='ocrx_word' id='word_1_231' title='bbox 90 2080 211 2122; x_wconf 88' lang='lat' dir='ltr'>Totus</span> <span class='ocrx_word' id='word_1_232' title='bbox 230 2094 268 2125; x_wconf 89' lang='lat' dir='ltr'>et</span> <span class='ocrx_word' id='word_1_233' title='bbox 286 2090 350 2129; x_wconf 90' lang='lat' dir='ltr'>ille</span> <span class='ocrx_word' id='word_1_234' title='bbox 370 2096 462 2143; x_wconf 88' lang='lat' dir='ltr'>dies,</span> <span class='ocrx_word' id='word_1_235' title='bbox 483 2108 522 2138; x_wconf 90' lang='lat' dir='ltr'>et</span> <span class='ocrx_word' id='word_1_236' title='bbox 541 2106 607 2152; x_wconf 92' lang='lat' dir='ltr'>qui</span> <span class='ocrx_word' id='word_1_237' title='bbox 628 2119 834 2151; x_wconf 83' lang='lat' dir='ltr'>nascentur</span> <span class='ocrx_word' id='word_1_238' title='bbox 852 2119 901 2155; x_wconf 89' lang='lat' dir='ltr'>ab</span> <span class='ocrx_word' id='word_1_239' title='bbox 919 2120 985 2158; x_wconf 93' lang='lat' dir='ltr'>illo</span> 
     </span>
    </p>

    <p class='ocr_par' dir='ltr' id='par_1_21' title="bbox 83 2133 1273 2261">
     <span class='ocr_line' id='line_1_36' title="bbox 85 2133 1273 2223; baseline 0.045 -54"><span class='ocrx_word' id='word_1_240' title='bbox 85 2133 282 2179; x_wconf 84' lang='lat' dir='ltr'>Exactum</span> <span class='ocrx_word' id='word_1_241' title='bbox 302 2145 350 2181; x_wconf 87' lang='lat' dir='ltr'>ad</span> <span class='ocrx_word' id='word_1_242' title='bbox 369 2160 548 2201; x_wconf 86' lang='lat' dir='ltr'>mensem,</span> <span class='ocrx_word' id='word_1_243' title='bbox 569 2159 702 2206; x_wconf 87' lang='lat' dir='ltr'>pluvia</span> <span class='ocrx_word' id='word_1_244' title='bbox 723 2169 924 2218; x_wconf 86' lang='lat' dir='ltr'>ventisque</span> <span class='ocrx_word' id='word_1_245' title='bbox 943 2177 1147 2223; x_wconf 85' lang='lat' dir='ltr'>carebunt;</span> <span class='ocrx_word' id='word_1_246' title='bbox 1194 2183 1273 2221; x_wconf 84' lang='lat'>435</span> 
     </span>
     <span class='ocr_line' id='line_1_37' title="bbox 83 2185 927 2261; baseline 0.049 -39"><span class='ocrx_word' id='word_1_247' title='bbox 83 2185 261 2240; x_wconf 88' lang='lat' dir='ltr'>Votaque</span> <span class='ocrx_word' id='word_1_248' title='bbox 280 2203 423 2239; x_wconf 87' lang='lat' dir='ltr'>servati</span> <span class='ocrx_word' id='word_1_249' title='bbox 443 2207 591 2247; x_wconf 86' lang='lat' dir='ltr'>solvent</span> <span class='ocrx_word' id='word_1_250' title='bbox 610 2213 650 2250; x_wconf 91' lang='lat' dir='ltr'>in</span> <span class='ocrx_word' id='word_1_251' title='bbox 669 2216 782 2257; x_wconf 88' lang='lat' dir='ltr'>litore</span> <span class='ocrx_word' id='word_1_252' title='bbox 801 2230 927 2261; x_wconf 82' lang='lat' dir='ltr'>nautae</span> 
     </span>
    </p>

    <p class='ocr_par' dir='ltr' id='par_1_22' title="bbox 82 2238 914 2313">
     <span class='ocr_line' id='line_1_38' title="bbox 82 2238 914 2313; baseline 0.047 -37"><span class='ocrx_word' id='word_1_253' title='bbox 82 2238 231 2282; x_wconf 82' lang='lat' dir='ltr'>Glauco</span> <span class='ocrx_word' id='word_1_254' title='bbox 250 2255 288 2285; x_wconf 87' lang='lat' dir='ltr'>et</span> <span class='ocrx_word' id='word_1_255' title='bbox 307 2249 492 2303; x_wconf 68' lang='lat' dir='ltr'>Panopeae</span> <span class='ocrx_word' id='word_1_256' title='bbox 511 2267 550 2299; x_wconf 86' lang='lat' dir='ltr'>et</span> <span class='ocrx_word' id='word_1_257' title='bbox 568 2264 666 2305; x_wconf 91' lang='lat' dir='ltr'>Inoo</span> <span class='ocrx_word' id='word_1_258' title='bbox 686 2270 914 2313; x_wconf 81' lang='lat' dir='ltr'>Melicertae.</span> 
     </span>
    </p>
   </div>
   <div class='ocr_carea' id='block_1_6' title="bbox 76 2293 1236 2434">
    <p class='ocr_par' dir='ltr' id='par_1_23' title="bbox 76 2293 1236 2434">
     <span class='ocr_line' id='line_1_39' title="bbox 133 2293 1236 2386; baseline 0.044 -55"><span class='ocrx_word' id='word_1_259' title='bbox 133 2293 196 2333; x_wconf 92' lang='lat' dir='ltr'>Sol</span> <span class='ocrx_word' id='word_1_260' title='bbox 215 2311 377 2351; x_wconf 86' lang='lat' dir='ltr'>quoque,</span> <span class='ocrx_word' id='word_1_261' title='bbox 398 2314 436 2346; x_wconf 88' lang='lat' dir='ltr'>et</span> <span class='ocrx_word' id='word_1_262' title='bbox 455 2316 645 2366; x_wconf 87' lang='lat' dir='ltr'>exoriens,</span> <span class='ocrx_word' id='word_1_263' title='bbox 666 2329 704 2360; x_wconf 88' lang='lat' dir='ltr'>et</span> <span class='ocrx_word' id='word_1_264' title='bbox 723 2338 810 2364; x_wconf 92' lang='lat' dir='ltr'>cum</span> <span class='ocrx_word' id='word_1_265' title='bbox 829 2341 871 2366; x_wconf 90' lang='lat' dir='ltr'>se</span> <span class='ocrx_word' id='word_1_266' title='bbox 886 2332 1024 2371; x_wconf 89' lang='lat' dir='ltr'>condet</span> <span class='ocrx_word' id='word_1_267' title='bbox 1042 2335 1084 2373; x_wconf 89' lang='lat' dir='ltr'>in</span> <span class='ocrx_word' id='word_1_268' title='bbox 1104 2341 1236 2386; x_wconf 80' lang='lat' dir='ltr'>undas,</span> 
     </span>
     <span class='ocr_line' id='line_1_40' title="bbox 76 2343 1084 2434; baseline 0.046 -52"><span class='ocrx_word' id='word_1_269' title='bbox 76 2343 194 2396; x_wconf 84' lang='lat' dir='ltr'>Signa</span> <span class='ocrx_word' id='word_1_270' title='bbox 212 2353 335 2401; x_wconf 86' lang='lat' dir='ltr'>dabit;</span> <span class='ocrx_word' id='word_1_271' title='bbox 364 2361 481 2402; x_wconf 87' lang='lat' dir='ltr'>solem</span> <span class='ocrx_word' id='word_1_272' title='bbox 501 2370 713 2414; x_wconf 81' lang='lat' dir='ltr'>certissima</span> <span class='ocrx_word' id='word_1_273' title='bbox 730 2379 841 2429; x_wconf 86' lang='lat' dir='ltr'>signa</span> <span class='ocrx_word' id='word_1_274' title='bbox 860 2393 1084 2434; x_wconf 84' lang='lat' dir='ltr'>sequuntur,</span> 
     </span>
    </p>
   </div>
  </div>
 </body>
</html>
