1508 2641
142 148 248 200 ειη
559 146 909 186 eucnemon,
1288 153 1335 189 41

139 254 220 293 Sed
240 268 300 294 me
320 254 478 293 Parnasi
501 255 654 292 deserta
672 267 741 303 per
760 254 880 291 ardua
899 254 1021 291 dulcis
1261 259 1337 295 291

144 309 290 357 Raptat
309 321 431 352 amor3
445 308 560 356 juvat
579 308 645 349 1ιό
647 307 770 356 jugis,
791 320 867 355 qua
886 307 993 344 nulla
1016 308 1186 356 priorum

140 361 353 400 Castaliam
373 361 477 398 molli
499 361 716 398 devertitur
736 362 862 398 orbita
881 361 994 398 clivo.

196 415 234 452 N
239 427 324 461 unc,
346 414 564 452 veneranda
590 414 715 459 Pales,
738 426 877 462 magno
905 426 1007 451 nunc
1027 428 1091 452 ore
1111 417 1339 453 sonandum„

141 468 339 517 Incipiens
360 467 524 505 stabulis
544 467 652 504 edico
672 467 713 503 in
734 467 916 504 moll-ibus
936 468 1094 504 herbam
1262 472 1338 507 295

142 521 315 570 Carpere
334 533 436 565 oves,
457 521 550 556 dum
571 532 663 556 mox
683 519 865 557 frondosa
885 521 1084 558 reducitur
1106 528 1231 568 aesta83

140 574 194 611 Et
213 574 336 611 multa
354 574 489 610 duram
511 574 651 621 stipula
672 573 895 622 filicumque
916 574 1096 622 maniplis

139 626 327 664 Sternere
346 628 478 664 subter
498 627 670 671 humum,
691 626 835 674 glacies
855 639 904 663 ne
923 627 1067 675 frigida
1085 629 1201 666 laedat

139 679 260 717 Molle
280 693 406 728 pecus,
431 680 674 728 scabiemque
693 678 793 716 ferat
813 686 1023 729 turpesque
1043 683 1245 731 podagras.

137 732 234 770 Post
254 734 344 770 hinc
364 734 559 781 digressus
573 732 694 780 jubeo
713 732 935 770 frondentia
954 735 1080 782 capris
1262 738 1341 772 300

138 785 296 823 Arbuta
315 786 501 829 sufficere,
522 792 560 822 et
579 786 720 823 fluvios
740 787 912 834 praebere
932 793 1117 832 recentes,

138 838 191 875 Et
211 839 362 876 stabula
381 852 403 876 a
424 839 551 876 ventis
570 839 732 876 hiberno
753 851 945 887 opponere
965 840 1035 876 soli

139 893 204 928 Ad
225 893 394 929 medium
415 904 600 929 conversa
620 893 733 936 diem,
755 905 841 929 cum
862 892 1028 941 frigidus
1048 894 1140 930 olim

135 944 231 981 <Iam
251 946 354 982 cadit
373 952 625 994 extremoque
643 946 785 982 irrorat
806 945 1006 993 Aquarius
1027 959 1138 984 anno.

139 997 214 1034 Hae
234 1010 386 1047 quoque
406 1011 482 1035 non
503 1011 595 1035 cura
614 999 725 1035 nobis
744 998 890 1035 leviore
909 1000 1078 1043 tuendae3
1258 1003 1335 1038 305

138 1050 225 1088 Nec
243 1052 369 1088 minor
390 1063 480 1088 usus
500 1051 590 1088 erit:
612 1052 791 1100 quamvis
813 1051 968 1088 Milesia
986 1065 1127 1101 magno

140 1103 297 1141 Vellera
316 1110 516 1141 mutentur
538 1104 680 1153 Tyrios
697 1105 849 1142 incocta
868 1106 1040 1142 rubores.

139 1156 306 1194 Densior
327 1157 418 1194 hinc
437 1157 590 1194 suboles
598 1172 607 1199 3
628 1157 717 1194 hinc
737 1157 836 1207 largi
856 1158 966 1206 copia
984 1159 1108 1196 lactis.

138 1208 267 1254 Quam
286 1210 411 1258 magis
431 1210 618 1247 exhausto
639 1211 877 1258 spumaverit
897 1212 1015 1249 ubere
1036 1212 1210 1258 mulctra,

135 1261 244 1299 Laeta
263 1265 386 1312 magis
406 1263 547 1310 pressis
569 1264 778 1300 manabunt
798 1264 959 1301 flumina
979 1266 1168 1302 mammis.
1259 1268 1336 1303 310

139 1315 224 1352 Nec
243 1316 371 1353 minus
390 1316 539 1352 interea
558 1317 696 1352 barbas
715 1317 928 1364 incanaque
949 1325 1078 1355 menta

134 1367 327 1418 Cinyphii
346 1369 506 1406 tondent
526 1369 625 1405 hirci
647 1375 807 1418 saetasqe
827 1378 1022 1407 comantes

139 1421 265 1458 Usum
285 1422 325 1458 in
348 1429 574 1466 castrorum,
597 1428 634 1459 et
655 1422 805 1459 miseris
825 1423 1018 1461 velamina
1038 1425 1178 1462 nautis.

136 1473 356 1511 Pascuntur
377 1487 469 1512 vero
489 1475 605 1511 silvas
625 1481 663 1512 et
683 1487 832 1512 summa
851 1476 984 1524 Lycaei

137 1526 430 1576 Horrentesque
450 1529 567 1564 rubos
587 1534 625 1565 et
645 1535 817 1565 amantes
837 1530 958 1566 ardua
975 1530 1127 1574 dumos;
1256 1535 1333 1570 315

137 1581 270 1628 Atque
290 1581 382 1629 ipsae
402 1593 589 1618 memores
608 1581 772 1618 redeunt
792 1582 832 1618 in
853 1589 964 1628 tecta,
987 1596 1151 1631 suosque

136 1631 297 1669 Ducunt
317 1640 355 1670 et
373 1634 536 1683 gravido
556 1640 740 1682 superant
760 1635 828 1671 vix
850 1637 967 1673 ubere
986 1637 1116 1674 limen.

136 1684 243 1734 Ergo
263 1687 367 1722 omni
387 1687 514 1723 studio
531 1687 694 1736 glaciem
717 1694 926 1736 ventosque
946 1689 1104 1735 nivales,

137 1737 225 1784 Quo
243 1739 369 1776 minor
388 1746 446 1776 est
465 1740 541 1776 illis
561 1752 664 1776 curae
684 1741 855 1778 mortalis
876 1748 1038 1791 egestas,

134 1792 324 1836 Avertes;
345 1792 568 1840 victumque
586 1793 688 1838 feres
707 1800 746 1830 et
765 1795 902 1843 virgea
920 1795 1030 1832 laetus
1253 1801 1333 1836 320

134 1843 300 1889 Pabula3
321 1858 391 1882 nee
412 1851 492 1882 tota
511 1847 664 1883 claudes
684 1846 831 1884 soenilia
852 1849 998 1885 bruma.

189 1898 247 1934 At
268 1897 370 1944 Vero,
392 1897 582 1948 Zephyris
603 1912 690 1936 cum
710 1900 798 1937 laeta
819 1903 1045 1940 vocantibus
1064 1909 1175 1941 aestas

135 1949 184 1987 In
204 1951 323 1988 saltus
343 1958 550 2000 utrumque
568 1965 727 2001 gregem
747 1959 862 2003 atque
881 1956 921 1990 in
943 1968 1083 2003 pascua
1104 1957 1245 2003 mittet,

134 2002 308 2043 Luciferi
329 2005 454 2053 primo
473 2018 563 2042 eum
583 2006 708 2043 sidere
727 2006 871 2056 frigida
891 2021 982 2045 rura

135 2054 361 2105 Carpamus,
382 2058 475 2095 dum
495 2071 607 2096 mane
628 2072 782 2104 novum,
805 2061 896 2097 dum
916 2063 1093 2110 gramina
1112 2070 1262 2109 canent,

134 2108 189 2145 Et
208 2122 269 2146 ros
289 2110 329 2146 in
349 2117 482 2148 tenera
501 2112 629 2160 pecori
648 2113 893 2161 gratissimus
913 2116 1046 2152 herba.
1252 2121 1329 2157 326

132 2160 244 2207 Inde,
265 2163 332 2200 ubi
351 2171 489 2212 quarta
508 2165 613 2202 sitim
632 2166 715 2203 coeli
735 2166 935 2216 collegerit
955 2169 1061 2213 hora,

132 2214 185 2250 Et
204 2221 321 2252 cantu
339 2217 507 2263 querulae
527 2225 707 2268 rumpent
726 2221 884 2257 arbusta
903 2221 1054 2266 cicadae,

134 2268 199 2303 Ad
218 2274 355 2316 puteos
373 2275 441 2306 aut
460 2271 537 2308 alta
555 2284 693 2320 greges
711 2274 759 2309 ad
779 2279 917 2322 stagna
935 2274 1073 2322 jubeto

133 2319 366 2372 Currentem
386 2323 517 2371 ilignis
537 2331 669 2372 potare
689 2326 887 2363 canalibus
909 2328 1066 2371 undam3
1249 2332 1326 2367 330

133 2371 313 2411 AEstibus
333 2380 372 2411 at
391 2375 527 2413 mediis
547 2379 766 2420 umbrosam
787 2380 992 2428 exquirere
1016 2381 1165 2429 vallem,

725 2442 751 2471 ι)
