1493 2641
90 167 139 202 32
195 165 239 202 P.
261 162 416 202 VIRG.
440 162 700 202 MARONIS
722 161 1068 202 GEORGICON.
1101 161 1283 214 [Lmln

87 272 230 310 Lactea
251 271 477 316 demittunt,
494 270 735 319 pinguesque
754 270 794 306 in
813 271 988 319 gramine
1006 270 1095 308 laeto
1199 271 1280 308 525

85 326 197 363 Inter
217 338 256 362 se
276 325 446 362 adversis
465 324 662 361 luctantur
681 324 861 361 cornibus
881 324 993 360 haedi.

85 380 175 427 Ipse
195 379 276 415 dies
297 378 418 427 agitat
438 377 570 422 festos,
588 377 774 426 fususque
794 390 863 426 per
882 378 1053 423 herbam,

85 433 196 480 Ignis
215 432 282 469 ubi
303 432 343 468 in
364 431 489 467 medio
509 437 548 468 et
567 431 661 468 socii
680 436 829 468 cratera
847 437 1044 475 coronant,

85 486 154 529 Te,
175 487 312 529 libans,
335 485 486 528 Lenaee,
508 490 638 528 vocat3
658 485 882 533 pecorisque
901 483 1098 533 magistris

83 540 240 576 Velocis
263 538 384 587 jaculi
403 538 614 575 certamina
634 538 741 586 ponit
759 538 800 574 in
820 537 934 582 ulmo,
1202 537 1288 574 530*

84 593 332 641 Corporaque
351 591 494 640 agresxi
515 591 663 628 nudant
684 591 861 639 praedura
880 591 1082 639 palaestrae.

83 646 196 683 Hanc
217 646 307 683 olim
329 652 478 682 veteres
497 645 617 682 vitam
636 645 788 682 coluere
811 644 959 690 Sabini,

83 700 198 737 Hanc
218 700 364 736 Remus
382 704 421 735 et
439 698 578 742 frater3
597 698 652 735 sic
672 697 782 735 fortis
801 697 963 734 Etruria
982 697 1108 735 crevit

85 752 252 797 Scilicet,
275 758 313 789 et
332 764 460 789 rerum
482 751 584 788 facta
604 757 662 789 est
681 751 942 799 pulcherrima
961 751 1101 796 Roma,

86 807 320 856 Septemque
341 818 417 842 una
436 806 510 842 sibi
530 818 640 842 muro
660 805 914 842 circumdedit
933 816 1055 842 arces.
1200 803 1283 840 535

81 862 191 897 Ante
211 861 328 897 etiam
349 864 544 908 sceptrum
565 859 706 896 Dictaei
725 858 840 907 regis,
861 864 900 895 et
920 864 1011 895 ante

81 913 209 962 Impia
229 926 345 962 quam
364 913 472 950 eaesis
492 925 588 961 gens
607 918 665 949 est
685 911 838 960 epulata
852 910 1048 959 juvencis,

82 967 241 1004 Aureus
260 968 360 1003 hanc
384 966 502 1002 vitam
523 966 564 1001 in
583 966 698 1002 terris
722 964 912 1002 Saturnus
930 965 1082 1013 agebat.

83 1020 262 1057 Necdum
287 1020 402 1057 etiam
423 1019 626 1056 audierant
645 1018 772 1055 inflari
793 1018 965 1062 classica,
983 1017 1148 1054 necdum

83 1074 290 1122 Impositos
310 1073 417 1110 duris
437 1072 627 1121 crepitare
647 1072 854 1109 incudibus
873 1083 999 1108 enses.
1200 1070 1287 1108 540³

141 1128 217 1165 Sed
231 1136 306 1164 ‘nos
323 1128 554 1163 immensum
573 1126 708 1175 spatiis
728 1124 964 1162 confecimus
983 1136 1127 1173 aequor,

82 1180 136 1218 Et
149 1180 230 1230 jam
252 1187 406 1230 tempus
426 1192 569 1229 equum
588 1179 778 1217 fumantia
791 1179 939 1216 solvere
959 1176 1066 1216 coll'a.

431 1790 916 1800 WWeaewvv—‹Wsm
