1493 2641
128 169 153 204 6
422 169 467 206 Ρ.
498 168 746 208 VIRGILII
775 170 1038 210 MARONIS
1208 171 1318 223 [Lm.

129 273 264 323 Teque
285 274 358 312 sibi
377 288 562 325 generum
583 276 731 327 Tethys
751 284 852 316 emat
871 279 1048 316 omnibus
1069 278 1199 322 undis3

127 327 246 365 Anne
266 341 409 366 novum
429 330 549 367 tardis
569 330 674 368 sidus
692 338 729 368 te
750 332 943 369 mensibus
963 333 1093 376 addas,

131 379 218 427 Qua
238 382 343 420 locus
363 383 559 433 Erigonen
579 384 682 421 inter
703 384 917 434 Chelasque
937 392 1138 433 sequentes

127 433 337 480 Panditur3
365 437 448 485 ipse
467 437 538 474 tibi
552 437 635 485 jam
655 438 812 475 brachia
830 440 1024 476 contrahit
1043 440 1181 476 ardens

130 487 322 537 Scorpios,
345 496 382 527 et
401 490 484 526 coeli
498 489 606 538 justa
626 491 711 539 plus
731 498 839 540 parte
858 493 1030 540 reliquit:
1269 493 1318 528 35

131 540 331 589 Quidquid
350 543 568 580 eris—nam
589 551 627 581 te
646 557 716 582 nec
735 552 890 593 sperent
911 545 1075 582 Tartara
1093 557 1235 594 regem,

127 594 214 632 Nec
234 596 306 633 tibi
327 597 514 645 regnandi
533 598 663 634 veniat
678 605 756 635 tam
776 599 859 636 dira
878 599 1035 647 cupid03

130 646 318 693 Quamvis
341 650 492 700 Elysios
511 651 675 688 miretur
695 650 848 688 Graecia
868 664 1034 701 campos,

126 700 212 739 Nec
232 703 394 750 repetita
414 704 524 752 sequi
544 711 651 741 curet
671 704 898 753 Proserpina
925 712 1160 748 matrem3—

127 753 191 792 Da
209 755 362 794 facilem
383 769 549 802 cursum,
571 763 686 806 atque
705 759 914 796 audacibus
933 760 1058 796 adnue
1077 758 1220 807 emptis,
1268 758 1321 794 40

126 807 366 858 Ignarosque
386 811 458 847 viae
478 823 627 848 mecum
646 811 852 849 miseratus
870 819 1051 860 agrestes,

127 860 350 910 Ingredere,
372 870 411 901 et
429 865 530 901 votis
543 863 624 912 jam
645 877 748 902 nunc
763 866 943 902 adsuesce
964 865 1105 902 vocari.

179 916 285 953 Vere
304 929 416 961 novo,
437 917 588 966 gelidus
608 919 713 955 canis
737 931 825 955 curn
845 919 1040 955 montibus
1061 919 1199 954 humor

128 966 323 1018 Liquitur‚
343 976 381 1008 et
402 970 581 1020 Zephyro
600 972 725 1020 putris
746 984 785 1009 se
804 971 917 1020 gleba
935 972 1106 1016 resolvit,

127 1022 322 1071 Depresso
341 1024 501 1072 incipiat
515 1024 598 1072 jam
617 1031 698 1061 tum
719 1025 813 1061 mihi
834 1032 968 1062 taurus
988 1033 1116 1062 aratro
1268 1025 1319 1060 45

126 1075 343 1124 Ingemere,
366 1084 404 1114 et
425 1078 531 1114 sulco
551 1078 716 1115 adtritus
736 1079 1000 1127 splendescere
1020 1090 1167 1119 vomer.⁷

125 1128 202 1166 Illa
222 1141 332 1179 seges
352 1131 506 1167 demum
527 1132 627 1169 votis
646 1133 851 1180 respondet
870 1132 976 1168 avari

128 1180 332 1231 Agricolae,
353 1185 414 1221 bis
431 1198 516 1233 quae
535 1185 664 1229 solem,
685 1186 746 1222 bis
765 1184 909 1234 frigora
930 1185 1066 1228 sensit;

126 1235 239 1274 Illius
259 1238 453 1274 immensae
473 1245 660 1287 ruperunt
680 1239 817 1276 horrea
836 1251 987 1275 messes.

127 1290 190 1326 Ac
210 1291 329 1339 prius,
350 1291 525 1340 ignotum
544 1291 648 1328 ferro
667 1305 781 1340 quam
803 1293 1012 1328 scindimus
1033 1303 1173 1339 (equor,
1271 1291 1323 1326 50

128 1342 280 1381 Ventos
301 1351 339 1381 et
359 1345 511 1381 varium
531 1345 617 1382 coeli
639 1346 865 1394 praediscere
884 1357 1027 1381 morem

129 1395 234 1434 Cura
254 1398 315 1442 sit,
337 1410 380 1435 ae
400 1399 545 1446 patrios
564 1400 766 1446 cultusque
788 1399 1017 1446 habitusque
1037 1397 1222 1440 locorum3

130 1449 184 1487 Et
203 1451 297 1500 quid
315 1464 475 1500 quaeque
496 1452 594 1489 ferat
614 1453 734 1501 regin,
754 1458 791 1489 et
812 1453 904 1500 quid
924 1463 1085 1500 quaeque
1104 1456 1267 1487 recuset.

129 1503 207 1541 Hic
227 1512 388 1553 segetes,
408 1506 488 1542 illic
509 1506 671 1542 veniunt
690 1505 841 1542 felicius
863 1518 964 1548 uvae3

129 1556 299 1595 Arborei
319 1558 420 1595 fetus
441 1558 532 1595 alibi
553 1565 667 1606 atque
687 1559 833 1606 injussa
859 1559 1055 1595 virescunt
1271 1557 1321 1593 55

130 1608 333 1648 Gramina.
390 1611 531 1649 Nonne
551 1612 672 1657 vides,
693 1625 844 1649 croceos
865 1618 906 1648 ut
929 1611 1088 1648 Tmolus
1108 1610 1254 1655 odores,

127 1663 242 1701 India
261 1665 381 1703 mittit
401 1666 506 1708 ebur,
528 1665 660 1703 molles
681 1678 748 1702 sua
767 1672 854 1702 tura
877 1665 1020 1707 Sabaei3

127 1717 186 1754 At
208 1717 400 1769 Chalybes
421 1719 513 1755 nudi
534 1718 692 1763 ferrum,
715 1719 918 1766 virosaque
938 1717 1082 1755 Pontus

131 1770 325 1817 Castorea,
348 1772 528 1809 Eliadum
548 1772 693 1821 palmas
713 1772 854 1821 Epiros
873 1770 1082 1820 equarum?

130 1824 328 1862 Continuo
347 1826 416 1863 has
435 1826 539 1874 leges
559 1831 776 1874 aeteruaque
796 1826 939 1862 foeclera
958 1825 1073 1862 certis
1272 1824 1324 1861 60

127 1877 319 1927 Imposuit
336 1886 475 1916 natura
494 1879 596 1923 locis,
619 1891 694 1926 quo
713 1885 885 1927 tempore
905 1879 1072 1927 primum

128 1929 342 1969 Deucalion
363 1944 527 1969 vacuum
546 1932 691 1980 lapides
714 1931 879 1980 jactavit
899 1933 938 1968 in
961 1933 1103 1974 orbem,

130 1985 248 2023 Unde
267 1985 441 2023 homines
463 1986 555 2030 nati,
576 1986 715 2022 durum
736 1998 869 2034 genus.
929 1985 1035 2033 Ergo
1055 1998 1136 2032 age,
1159 1991 1271 2022 terrae

128 2038 283 2088 Pingue
303 2040 425 2076 solum
446 2040 580 2088 primis
600 2039 794 2087 extemplo
815 2051 837 2075 a
855 2039 1051 2075 mensibus
1073 2040 1162 2075 anni

130 2092 269 2130 Fortes
288 2093 486 2130 invertant
499 2093 611 2138 tauri,
633 2093 840 2142 glebasque
850 2092 1025 2139 jacentes
1273 2092 1323 2128 65

128 2145 408 2183 Pulverulenta
428 2153 567 2195 coquat
586 2147 747 2183 maturis
767 2146 910 2183 solibus
931 2151 1057 2182 aestas:

131 2196 187 2236 At
209 2200 241 2236 si
261 2212 338 2236 non
358 2199 478 2237 fuerit
492 2200 607 2237 tellus
627 2200 801 2244 fecunda,
825 2201 895 2236 sub
916 2200 1038 2247 ipsum

131 2253 347 2290 Arcturum
369 2254 477 2290 tenui
498 2260 556 2290 sat
576 2253 649 2290 erit
670 2253 903 2300 suspendere
924 2253 1046 2296 sulco3

130 2306 232 2352 Illic,
253 2306 421 2344 officiant
440 2307 538 2343 laetis
558 2319 606 2344 ne
626 2306 805 2355 frugibus
826 2307 967 2351 herbae,

134 2359 226 2406 Hic,
246 2361 415 2398 sterilem
438 2361 605 2409 exiguus
625 2373 673 2398 ne
692 2361 842 2398 deserat
862 2361 1000 2397 humor
1020 2371 1190 2396 arenam.
1273 2358 1325 2397 70
