1508 2641
152 163 228 201 111.
234 163 252 214 j
567 159 914 200 GEORGICON.
1292 165 1342 201 45

150 269 253 306 Dum
277 269 441 307 medicas
460 268 642 306 adhibere
663 280 797 305 manus
817 268 864 305 ad
885 267 1046 305 vulnera
1065 274 1194 317 pastor
1261 271 1338 306 455

149 322 346 371 Abnegat,
367 328 434 359 aut
452 322 611 358 meliora
631 322 720 358 deos
740 321 845 358 sedet
866 321 994 358 omina
1015 334 1185 369 poscens.

150 375 255 421 Quin
278 376 404 419 etiam,
425 376 503 411 ima
522 375 629 411 dolor
650 374 846 411 balantum
869 375 996 422 lapsus
1017 375 1064 411 ad
1084 387 1168 412 ossa

148 428 247 466 Cum
269 428 364 465 furit
383 433 498 476 atque
517 433 624 465 artus
643 428 862 475 depascitur
882 428 988 464 arida
1008 427 1140 473 febris,

146 482 301 518 Profuit
319 482 495 518 incensos
513 488 627 517 aestus
647 487 822 518 avertere
842 487 878 517 et
899 480 1001 516 inm·

146 534 231 572 Ima
250 535 368 572 ferire
388 535 495 583 pedis
516 534 923 581 salientemsanguine
944 546 1098 570 venam:
1262 535 1341 571 460

146 587 303 624 Bisaltae
323 600 399 636 quo
419 600 524 624 more
545 587 668 624 solent
686 599 849 634 acerque
871 585 1057 631 Gelonus,

146 639 247 677 Cum
267 641 369 690 sugit
388 641 429 677 in
450 640 664 689 Rhodopen
685 647 799 687 atque
819 640 859 675 in
881 640 1033 676 deserta
1056 638 1260 684 Getarum,

143 693 196 729 Et
216 694 274 731 lac
294 700 516 731 concretum
536 695 621 729 curn
644 693 832 741 sanguine
852 698 958 741 potat
979 693 1132 741 equino.

199 745 324 792 Quam
344 747 476 795 procul
496 753 561 783 aut
581 746 686 782 molli
707 746 910 783 succedere
930 748 1067 794 saepius
1088 747 1232 782 umbrae

142 799 314 844 Videris,
337 808 403 837 aut
423 812 591 836 summas
611 805 831 848 carpentem
852 799 1032 847 ignavius
1053 800 1203 844 herbas,
1261 800 1338 835 465

142 851 446 901 Extremumque
466 853 585 901 sequi,
607 859 674 889 aut
694 853 819 889 medio
840 853 1090 900 procumbere
1108 865 1242 901 campo

143 905 372 943 Pascentem
392 912 431 943 et
450 918 543 943 serae
565 906 682 942 solam
704 906 887 942 decedere
906 906 1028 948 nocti3

144 958 340 996 Continuo
360 959 511 1007 culpam
532 959 634 995 ferro
653 971 862 1007 compesce,
885 959 1109 1006 priusquam

145 1012 242 1048 Dira
262 1025 330 1060 per
349 1012 548 1049 incautum
568 1018 725 1061 serpant
745 1012 923 1060 contagia
946 1012 1092 1060 volgus.

143 1065 235 1102 Non
254 1071 332 1102 tam
353 1066 501 1110 creber,
515 1077 632 1113 agens
652 1065 829 1109 hiemem,
847 1065 926 1101 ruit
947 1076 1100 1113 aequore
1118 1065 1244 1109 turbo,
1262 1063 1341 1103 470

145 1117 271 1163 Quam
291 1119 422 1155 multae
442 1119 633 1167 pecudum
654 1124 798 1166 pestes3
818 1130 889 1155 nec
910 1117 1063 1165 singula
1082 1117 1206 1154 morbi

144 1170 317 1219 Corpora
336 1172 562 1219 corripiunt,
584 1172 651 1207 sed
673 1176 753 1208 tota
772 1171 907 1207 aestiva
926 1176 1085 1219 repente

144 1222 335 1272 Spemque
354 1236 588 1273 gregemque
608 1224 724 1260 simul
744 1230 999 1272 cunctamque
1020 1225 1067 1260 ab
1083 1223 1233 1272 origine
1245 1235 1340 1272 gen-

143 1277 244 1313 Tum
268 1278 374 1322 sciat,
396 1277 523 1314 aerias
544 1277 667 1324 Alpes
688 1283 725 1313 et
746 1277 891 1313 Norica
912 1277 942 1312 si
963 1277 1049 1324 quis
1227 1275 1338 1326 [tem.

143 1330 314 1367 Castella
332 1331 372 1366 in
394 1330 553 1366 tumulis
573 1336 612 1366 et
632 1330 791 1378 Iapydis
811 1342 904 1366 arva
924 1329 1080 1366 Timavi
1261 1329 1338 1368 475

142 1382 260 1420 Nunc
279 1396 431 1431 quoque
452 1390 537 1431 post
557 1388 665 1420 tanto
686 1384 817 1419 videat
837 1383 1065 1431 desertaque
1085 1395 1205 1431 regna

142 1436 348 1473 Pastorum
368 1443 406 1473 et
425 1437 540 1484 longe
561 1436 682 1473 saltus
702 1436 854 1483 lateque
875 1442 1070 1472 vacantes.

197 1490 274 1526 Hic
294 1490 485 1538 quondam
507 1490 641 1525 morbo
661 1489 745 1525 coeli
766 1489 983 1526 miseranda
1002 1495 1131 1525 coorta
1150 1494 1208 1526 est

143 1543 382 1591 Tempestas,
405 1549 561 1591 totoque
581 1542 780 1578 auctumni
802 1542 1002 1578 incanduit
1022 1548 1128 1587 aestu,

142 1595 195 1632 Et
214 1608 336 1644 genus
355 1608 466 1633 omne
487 1595 569 1632 neci
591 1596 781 1643 pecudum
803 1595 919 1639 dedit,
941 1607 1054 1632 omne
1073 1595 1267 1638 ferarum3

143 1648 404 1697 Corrupitque
424 1649 546 1691 lacus3
565 1648 701 1684 infecit
720 1648 860 1696 pabula
880 1649 981 1685 tabo.
1261 1648 1334 1684 481

141 1701 226 1739 Nec
248 1704 310 1738 via
329 1702 462 1738 mortis
483 1708 564 1738 erat
583 1700 773 1749 simplex3
794 1701 870 1745 sed,
893 1701 959 1737 ubi
979 1701 1092 1749 ignea
1112 1701 1222 1738 venis

143 1754 334 1792 Omnibus
354 1760 439 1791 acta
459 1755 543 1791 sitis
563 1755 721 1790 miseros
741 1754 957 1790 adduxerat
977 1760 1097 1798 artus,

140 1808 292 1845 Rursus
313 1808 533 1845 abundabat
553 1807 695 1843 fluidus
714 1807 854 1855 liquor,
878 1808 1083 1855 omniaque
1103 1807 1144 1844 in
1165 1819 1205 1844 se

143 1860 241 1898 Ossa
261 1861 484 1897 minutatim
505 1861 639 1897 morbo
658 1860 825 1909 collapsa
843 1861 1033 1897 trahebat.
1260 1861 1337 1896 485

144 1914 252 1963 Saepe
271 1914 312 1950 in
333 1914 478 1950 honore
498 1914 612 1950 deum
631 1913 757 1950 medio
777 1919 883 1950 stans
902 1914 1025 1950 hostia
1046 1913 1094 1950 ad
1113 1925 1230 1958 aram,

140 1967 272 2005 Lanea
291 1968 381 2004 dum
402 1968 516 2004 nivea
536 1967 796 2003 circumdatur
817 1966 940 2003 infula
960 1967 1069 2011 vitta,

141 2020 252 2057 Inter
270 2027 495 2057 cunctantes
514 2020 654 2057 cecidit
672 2020 902 2056 moribunda
921 2020 1132 2057 ministros.

143 2075 226 2109 Aut
247 2073 278 2109 si
298 2086 413 2121 quam
433 2073 536 2110 ferro
556 2079 791 2110 mactaverat
811 2080 900 2110 ante
921 2073 1108 2117 sacerdos,

142 2125 239 2163 Inde
258 2139 382 2175 neque
400 2127 590 2174 impositis
610 2126 747 2163 ardent
766 2126 902 2163 altaria
922 2126 1041 2170 fibris,
1260 2127 1337 2163 490

142 2179 227 2216 Nec
247 2191 428 2227 responsa
447 2186 573 2228 potest
593 2179 790 2216 consultus
805 2180 965 2217 reddere
986 2185 1110 2222 vates;

143 2234 205 2269 Ae
227 2232 294 2268 vix
315 2233 503 2280 suppositi
523 2234 757 2281 tinguuntur
776 2233 964 2281 sanguine
985 2233 1114 2277 cultri,

144 2283 376 2333 Summaque
397 2284 534 2332 jejuna
553 2286 658 2322 sanie
678 2285 895 2323 infuscatur
915 2298 1044 2322 arena.

145 2338 249 2374 Hinc
269 2338 366 2374 laetis
388 2338 500 2374 vituli
520 2339 637 2387 vulgo
656 2339 874 2375 moriuntur
893 2339 932 2375 in
952 2338 1094 2382 herbis,

143 2390 194 2428 Et
216 2391 345 2428 dulces
365 2391 512 2428 animas
532 2391 644 2439 plena
665 2392 710 2428 ad
732 2392 916 2440 praesepia
937 2391 1121 2434 reddunt3
1258 2392 1334 2426 495
