1493 2641
84 167 137 204 34
383 168 427 205 P.
460 166 708 205 VIRGILII
739 167 782 204 M
790 165 1002 206 ARONIS
1173 167 1283 220 [Lm.

90 272 167 310 Cui
188 286 263 311 non
284 275 411 312 dictus
432 275 557 324 Hylas
578 287 684 323 puer,
707 280 745 312 et
765 274 927 312 Latonia
948 274 1080 320 Delos,

89 326 423 376 Hippodameque,
443 329 680 377 humeroque
700 328 840 377 Pelops
860 329 1024 378 insignis
1045 330 1203 372 eburno,

87 379 195 416 Acer
215 381 347 429 equis?
404 381 608 419 Tentanda
628 382 691 419 via
711 388 780 427 est,
800 395 874 430 qua
895 395 955 419 me
975 394 1127 430 quoque
1142 381 1286 431 possim

89 432 243 470 Tollere
263 435 392 479 humo,
415 435 616 483 victorque
637 436 764 472 virum
784 435 944 472 volitare
964 449 1032 484 per
1052 448 1132 472 ora.

85 484 243 523 Primus
263 500 334 535 ego
354 489 394 524 in
415 489 579 536 patriam
601 501 761 533 meeum,
783 490 896 526 modo
917 489 997 526 vita
1017 489 1196 538 supersit,
1238 490 1286 525 10

87 541 218 576 Aonio
237 541 390 578 rediens
411 543 599 579 deducam
618 543 764 579 vertice
786 543 933 587 Musas,

85 591 243 629 Primus
263 593 455 632 Idumaeas
474 595 640 633 referam
660 596 746 640 tibi,
770 596 943 640 Mantua,
966 596 1128 643 palmas3

85 644 138 681 Et
158 647 275 683 viridi
296 648 335 684 in
356 661 490 696 campo
510 649 695 697 templum
717 650 764 686 de
784 662 973 687 marmore
993 662 1132 698 ponam

86 698 253 748 Propter
268 714 418 749 aquam,
439 703 559 739 tardis
579 704 717 751 ingens
740 703 802 740 ubi
825 704 993 740 flexibus
1012 711 1117 740 errat

86 751 270 798 Mincius,
292 762 330 792 et
351 762 483 793 tenera
503 757 686 805 praetexit
706 757 894 794 arundine
915 757 1032 805 ripas.
1236 757 1282 793 15

84 804 133 841 In
155 808 280 844 medio
301 809 393 845 milii
416 809 545 847 Caesar
564 810 650 855 erit,
672 810 936 859 templumque
962 810 1121 847 tenebit.

84 858 150 895 Illi
171 861 293 898 victor
312 875 384 910 ego
403 869 442 900 et
462 863 584 912 Tyrio
604 870 831 912 conspectus
851 864 891 899 in
912 871 1015 901 ostro

86 911 255 951 Centum
270 916 517 965 quadrijugos
538 917 693 965 agitabo
709 918 756 953 ad
775 917 937 954 flumina
955 929 1103 954 currus.

86 964 238 1005 Cuncta
257 969 364 1014 mihi,
389 971 587 1018 Alpheum
608 971 788 1019 linquens
808 971 991 1019 lucosque
1013 969 1218 1014 Molorchi,

86 1018 279 1059 Cursibus
300 1029 339 1059 et
358 1024 477 1060 crudo
498 1024 679 1061 decernet
700 1022 854 1060 Graecia
873 1031 1008 1067 caestu;
1232 1024 1284 1059 20

85 1072 188 1119 Ipse,
210 1082 327 1124 caput
346 1083 465 1114 tonsae
484 1076 590 1114 foliis
618 1086 777 1114 ornatus
797 1077 919 1122 olivae,

84 1125 198 1164 Dona
217 1127 350 1166 feram.
407 1131 436 1167 J
439 1143 498 1166 am
521 1143 624 1167 nunc
644 1131 846 1168 sollemnes
867 1132 1007 1168 ducere
1027 1143 1185 1180 pompas

83 1180 150 1216 Ad
171 1181 473 1230 delub1·ajuvat,
496 1197 688 1233 caesosque
710 1184 842 1221 videre
856 1183 1065 1232 juvencos;

85 1232 161 1270 Vel
181 1247 295 1273 scena
314 1243 358 1273 ut
378 1238 500 1274 versis
522 1238 691 1275 discedat
712 1237 917 1282 frontibus,
940 1245 1059 1285 utque

83 1285 288 1336 Purpurea
306 1290 448 1327 intexti
468 1291 607 1327 tollant
626 1292 745 1327 aulaea
765 1289 959 1328 Britanni.
1230 1292 1280 1327 :25

84 1339 133 1376 In
154 1341 302 1380 foribus
323 1356 493 1392 pugnam
514 1357 564 1381 ex
584 1357 677 1381 auro
698 1345 895 1393 solidoque
915 1345 1120 1391 elephanto

87 1393 356 1444 Gangaridum
376 1397 525 1443 faciam,
549 1398 783 1446 victorisque
802 1410 909 1434 arma
931 1396 1105 1443 Quirini3

85 1448 218 1496 Atque
240 1450 303 1487 hic
323 1451 530 1488 undantem
547 1452 648 1488 bello
668 1464 928 1500 magnumque
945 1452 1131 1489 fluentem

84 1500 235 1548 Nilum,
251 1516 294 1540 ae
314 1505 444 1541 navali
464 1511 665 1552 surgentes
686 1517 760 1541 aere
780 1505 988 1541 columnas.

83 1554 240 1592 Addam
262 1558 375 1594 urbes
399 1556 505 1594 Asiae
527 1558 701 1603 domitas,
723 1558 955 1608 pulsumque
975 1557 1189 1606 Niphaten,
1232 1559 1283 1594 30

84 1607 365 1660 Fidentemque
384 1610 477 1659 fuga
498 1611 687 1648 Parthum
709 1611 906 1659 versisque
926 1611 1088 1660 sagittis,

84 1660 138 1698 Et
158 1663 233 1701 duo
253 1671 363 1711 rapta
383 1677 498 1701 manu
518 1665 672 1702 diverso
693 1677 742 1702 ex
762 1665 871 1702 hoste
891 1672 1045 1714 tropaea,

84 1715 231 1764 Bisque
250 1718 511 1767 triumphatas
533 1725 696 1767 utroque
717 1720 764 1755 ab
784 1719 898 1755 litore
917 1725 1066 1768 gentes.

87 1768 256 1807 Stabunt
275 1777 315 1808 et
334 1772 441 1809 Parii
462 1772 621 1820 lapides,
644 1772 834 1821 spirantia
853 1773 975 1821 signa,

84 1821 265 1861 Assaraci
286 1825 424 1873 proles,
446 1825 696 1873 demissaeque
712 1827 760 1862 ab
779 1826 883 1862 «Jove
902 1825 1030 1874 gentis
1230 1826 1279 1861 35

84 1874 266 1922 Nomina,
291 1878 469 1926 Trosque
489 1891 628 1927 parens
648 1886 686 1916 et
708 1878 837 1926 Trojae
859 1879 1054 1928 Cynthius
1075 1884 1222 1916 auctor.

83 1928 241 1968 Invidia
259 1931 398 1969 infelix
421 1932 560 1969 Furias
581 1945 810 1980 amnemque
835 1945 1012 1969 severum

84 1981 224 2032 Cocyti
245 1991 402 2030 metuet,
424 1991 622 2033 tortosque
651 1985 801 2022 Ixionis
821 1998 967 2033 angues

83 2035 376 2086 Immanemqne
394 2047 531 2083 rotam,
551 2046 590 2075 et
609 2052 685 2075 non
705 2039 974 2088 exsuperabile
995 2051 1143 2076 saxum.

83 2089 240 2128 Interea
264 2091 461 2139 Dryadum
482 2092 599 2129 silvas
615 2093 810 2140 saltusque
826 2105 1031 2140 sequamur
1229 2094 1281 2128 40

85 2143 270 2190 Intactos,
292 2151 369 2188 tua,
394 2145 595 2190 Maecenas,
615 2146 715 2181 haud
737 2146 866 2182 mollia
884 2145 1009 2192 jussa.

86 2196 144 2233 Te
165 2197 247 2234 sine
267 2198 322 2234 nil
342 2198 463 2235 altum
482 2211 590 2236 mens
611 2199 775 2235 inchoat..
834 2199 893 2234 En
916 2212 997 2247 age,
1018 2211 1155 2247 segnes

84 2249 238 2299 Rumpe
258 2264 400 2295 moras3
420 2260 531 2288 vocat
551 2252 698 2299 ingenti
720 2252 885 2289 clamore
906 2251 1115 2298 Cithaemn,

86 2303 330 2353 Taygetique
350 2317 476 2350 canes,
497 2306 759 2354 domitrixque
780 2305 1001 2354 Epidaurus
1021 2319 1218 2355 equorum,

86 2356 139 2393 Et
161 2370 236 2394 vox
256 2359 420 2396 adsensu
441 2371 639 2396 nemorum
660 2359 897 2407 ingeminata
917 2361 1100 2409 remugit.
1228 2360 1277 2396 45

87 2410 181 2447 Mox
203 2417 329 2448 tamen
351 2413 529 2450 ardentes
549 2413 727 2461 accingar
747 2413 874 2450 dicere
893 2426 1042 2463 pugnas
