<?xml version="1.0" encoding="UTF-8"?>
<!DOCTYPE html PUBLIC "-//W3C//DTD XHTML 1.0 Transitional//EN"
    "http://www.w3.org/TR/xhtml1/DTD/xhtml1-transitional.dtd">
<html xmlns="http://www.w3.org/1999/xhtml" xml:lang="en" lang="en">
 <head>
  <title>
</title>
<meta http-equiv="Content-Type" content="text/html;charset=utf-8" />
  <meta name='ocr-system' content='tesseract 3.04.00' />
  <meta name='ocr-capabilities' content='ocr_page ocr_carea ocr_par ocr_line ocrx_word'/>
</head>
<body>
  <div class='ocr_page' id='page_1' title='image "./georgica00virguoft_0060.png"; bbox 0 0 1493 2641; ppageno 0'>
   <div class='ocr_carea' id='block_1_1' title="bbox 87 152 1277 205">
    <p class='ocr_par' dir='ltr' id='par_1_1' title="bbox 87 152 1277 205">
     <span class='ocr_line' id='line_1_1' title="bbox 87 152 1277 205; baseline -0.001 -11"><span class='ocrx_word' id='word_1_1' title='bbox 87 156 139 194; x_wconf 88' lang='lat'>54</span> <span class='ocrx_word' id='word_1_2' title='bbox 381 155 426 192; x_wconf 94' lang='lat' dir='ltr'>P.</span> <span class='ocrx_word' id='word_1_3' title='bbox 457 152 705 192; x_wconf 84' lang='lat' dir='ltr'><strong>VIRGILII</strong></span> <span class='ocrx_word' id='word_1_4' title='bbox 736 153 996 193; x_wconf 85' lang='lat' dir='ltr'><strong>MARONIS</strong></span> <span class='ocrx_word' id='word_1_5' title='bbox 1167 153 1277 205; x_wconf 73' lang='lat' dir='ltr'>[Lm.</span> 
     </span>
    </p>
   </div>
   <div class='ocr_carea' id='block_1_2' title="bbox 86 259 1280 2398">
    <p class='ocr_par' dir='ltr' id='par_1_2' title="bbox 86 259 1280 2398">
     <span class='ocr_line' id='line_1_2' title="bbox 86 259 1189 310; baseline -0.002 -11"><span class='ocrx_word' id='word_1_6' title='bbox 86 261 226 310; x_wconf 81' lang='lat' dir='ltr'>Lydia,</span> <span class='ocrx_word' id='word_1_7' title='bbox 245 273 317 298; x_wconf 89' lang='lat' dir='ltr'>nec</span> <span class='ocrx_word' id='word_1_8' title='bbox 336 261 467 310; x_wconf 90' lang='lat' dir='ltr'>populi</span> <span class='ocrx_word' id='word_1_9' title='bbox 488 261 720 298; x_wconf 81' lang='lat' dir='ltr'>Parthorum</span> <span class='ocrx_word' id='word_1_10' title='bbox 740 267 805 298; x_wconf 87' lang='lat' dir='ltr'>aut</span> <span class='ocrx_word' id='word_1_11' title='bbox 827 259 966 298; x_wconf 86' lang='lat' dir='ltr'>Medus</span> <span class='ocrx_word' id='word_1_12' title='bbox 987 259 1189 310; x_wconf 78' lang='lat' dir='ltr'>Hydaspes</span> 
     </span>
     <span class='ocr_line' id='line_1_3' title="bbox 89 313 1220 362; baseline -0.002 -10"><span class='ocrx_word' id='word_1_13' title='bbox 89 313 324 352; x_wconf 89' lang='lat' dir='ltr'>Observant.</span> <span class='ocrx_word' id='word_1_14' title='bbox 381 315 489 362; x_wconf 85' lang='lat' dir='ltr'>Rege</span> <span class='ocrx_word' id='word_1_15' title='bbox 508 315 703 360; x_wconf 87' lang='lat' dir='ltr'>incolumi,</span> <span class='ocrx_word' id='word_1_16' title='bbox 723 328 832 352; x_wconf 85' lang='lat' dir='ltr'>mens</span> <span class='ocrx_word' id='word_1_17' title='bbox 851 315 1029 351; x_wconf 84' lang='lat' dir='ltr'>omnibus</span> <span class='ocrx_word' id='word_1_18' title='bbox 1050 327 1126 351; x_wconf 85' lang='lat' dir='ltr'>una</span> <span class='ocrx_word' id='word_1_19' title='bbox 1145 321 1220 358; x_wconf 80' lang='lat' dir='ltr'>est3</span> 
     </span>
     <span class='ocr_line' id='line_1_4' title="bbox 86 365 1011 416; baseline 0.001 -12"><span class='ocrx_word' id='word_1_20' title='bbox 86 365 256 412; x_wconf 89' lang='lat' dir='ltr'>Amisso,</span> <span class='ocrx_word' id='word_1_21' title='bbox 277 380 417 416; x_wconf 88' lang='lat' dir='ltr'>rupere</span> <span class='ocrx_word' id='word_1_22' title='bbox 437 368 562 412; x_wconf 85' lang='lat' dir='ltr'>fidem,</span> <span class='ocrx_word' id='word_1_23' title='bbox 585 374 879 416; x_wconf 84' lang='lat' dir='ltr'>constructaque</span> <span class='ocrx_word' id='word_1_24' title='bbox 898 368 1011 405; x_wconf 86' lang='lat' dir='ltr'>mella</span> 
     </span>
     <span class='ocr_line' id='line_1_5' title="bbox 86 419 1000 470; baseline 0.001 -14"><span class='ocrx_word' id='word_1_25' title='bbox 86 419 299 469; x_wconf 84' lang='lat' dir='ltr'>Diripuere</span> <span class='ocrx_word' id='word_1_26' title='bbox 318 421 425 470; x_wconf 83' lang='lat' dir='ltr'>ipsae,</span> <span class='ocrx_word' id='word_1_27' title='bbox 445 427 482 458; x_wconf 88' lang='lat' dir='ltr'>et</span> <span class='ocrx_word' id='word_1_28' title='bbox 502 428 626 458; x_wconf 86' lang='lat' dir='ltr'>crates</span> <span class='ocrx_word' id='word_1_29' title='bbox 645 422 793 458; x_wconf 88' lang='lat' dir='ltr'>solvere</span> <span class='ocrx_word' id='word_1_30' title='bbox 812 422 1000 458; x_wconf 84' lang='lat' dir='ltr'>favorum.</span> 
     </span>
     <span class='ocr_line' id='line_1_6' title="bbox 87 473 1276 523; baseline 0 -13"><span class='ocrx_word' id='word_1_31' title='bbox 87 473 161 511; x_wconf 88' lang='lat' dir='ltr'>Ille</span> <span class='ocrx_word' id='word_1_32' title='bbox 180 486 340 523; x_wconf 88' lang='lat' dir='ltr'>operum</span> <span class='ocrx_word' id='word_1_33' title='bbox 359 480 504 517; x_wconf 84' lang='lat' dir='ltr'>custos3</span> <span class='ocrx_word' id='word_1_34' title='bbox 523 475 633 511; x_wconf 89' lang='lat' dir='ltr'>illum</span> <span class='ocrx_word' id='word_1_35' title='bbox 653 475 904 518; x_wconf 88' lang='lat' dir='ltr'>admirantur,</span> <span class='ocrx_word' id='word_1_36' title='bbox 927 481 965 511; x_wconf 90' lang='lat' dir='ltr'>et</span> <span class='ocrx_word' id='word_1_37' title='bbox 985 487 1115 511; x_wconf 86' lang='lat' dir='ltr'>omnes</span> <span class='ocrx_word' id='word_1_38' title='bbox 1199 475 1276 510; x_wconf 83' lang='lat'>215</span> 
     </span>
     <span class='ocr_line' id='line_1_7' title="bbox 89 525 1179 577; baseline 0.001 -14"><span class='ocrx_word' id='word_1_39' title='bbox 89 525 355 565; x_wconf 83' lang='lat' dir='ltr'>Circumstant</span> <span class='ocrx_word' id='word_1_40' title='bbox 373 528 531 564; x_wconf 84' lang='lat' dir='ltr'>fremitu</span> <span class='ocrx_word' id='word_1_41' title='bbox 550 529 678 574; x_wconf 88' lang='lat' dir='ltr'>denso,</span> <span class='ocrx_word' id='word_1_42' title='bbox 700 529 921 577; x_wconf 83' lang='lat' dir='ltr'>stipantque</span> <span class='ocrx_word' id='word_1_43' title='bbox 941 528 1179 576; x_wconf 75' lang='lat' dir='ltr'>frequentes3</span> 
     </span>
     <span class='ocr_line' id='line_1_8' title="bbox 87 578 1031 630; baseline 0 -13"><span class='ocrx_word' id='word_1_44' title='bbox 87 578 142 617; x_wconf 78' lang='lat' dir='ltr'>Et</span> <span class='ocrx_word' id='word_1_45' title='bbox 161 592 259 630; x_wconf 87' lang='lat' dir='ltr'>saepe</span> <span class='ocrx_word' id='word_1_46' title='bbox 278 581 470 618; x_wconf 81' lang='lat' dir='ltr'>adtollunt</span> <span class='ocrx_word' id='word_1_47' title='bbox 489 582 672 626; x_wconf 89' lang='lat' dir='ltr'>humeris,</span> <span class='ocrx_word' id='word_1_48' title='bbox 696 588 732 618; x_wconf 83' lang='lat' dir='ltr'>et</span> <span class='ocrx_word' id='word_1_49' title='bbox 753 595 912 630; x_wconf 84' lang='lat' dir='ltr'>corpora</span> <span class='ocrx_word' id='word_1_50' title='bbox 932 581 1031 617; x_wconf 85' lang='lat' dir='ltr'>bello</span> 
     </span>
     <span class='ocr_line' id='line_1_9' title="bbox 89 632 1224 683; baseline -0.002 -12"><span class='ocrx_word' id='word_1_51' title='bbox 89 632 307 681; x_wconf 84' lang='lat' dir='ltr'>objectant,</span> <span class='ocrx_word' id='word_1_52' title='bbox 329 635 604 683; x_wconf 85' lang='lat' dir='ltr'>pulchramque</span> <span class='ocrx_word' id='word_1_53' title='bbox 624 642 760 683; x_wconf 88' lang='lat' dir='ltr'>petunt</span> <span class='ocrx_word' id='word_1_54' title='bbox 780 648 848 683; x_wconf 87' lang='lat' dir='ltr'>per</span> <span class='ocrx_word' id='word_1_55' title='bbox 868 635 1029 671; x_wconf 78' lang='lat' dir='ltr'>vulnera</span> <span class='ocrx_word' id='word_1_56' title='bbox 1048 640 1224 671; x_wconf 87' lang='lat' dir='ltr'>mortem.</span> 
     </span>
     <span class='ocr_line' id='line_1_10' title="bbox 142 686 1134 736; baseline 0 -13"><span class='ocrx_word' id='word_1_57' title='bbox 142 686 218 724; x_wconf 89' lang='lat' dir='ltr'>His</span> <span class='ocrx_word' id='word_1_58' title='bbox 239 688 397 736; x_wconf 88' lang='lat' dir='ltr'>quidam</span> <span class='ocrx_word' id='word_1_59' title='bbox 415 688 550 736; x_wconf 86' lang='lat' dir='ltr'>signis,</span> <span class='ocrx_word' id='word_1_60' title='bbox 572 695 686 736; x_wconf 86' lang='lat' dir='ltr'>atque</span> <span class='ocrx_word' id='word_1_61' title='bbox 706 689 786 725; x_wconf 73' lang='lat' dir='ltr'>lizec</span> <span class='ocrx_word' id='word_1_62' title='bbox 806 688 983 736; x_wconf 81' lang='lat' dir='ltr'>exempla</span> <span class='ocrx_word' id='word_1_63' title='bbox 1002 689 1134 733; x_wconf 84' lang='lat' dir='ltr'>secuti,</span> 
     </span>
     <span class='ocr_line' id='line_1_11' title="bbox 88 739 1278 790; baseline 0.001 -14"><span class='ocrx_word' id='word_1_64' title='bbox 88 739 186 778; x_wconf 91' lang='lat' dir='ltr'>Esse</span> <span class='ocrx_word' id='word_1_65' title='bbox 206 741 343 789; x_wconf 87' lang='lat' dir='ltr'>apibus</span> <span class='ocrx_word' id='word_1_66' title='bbox 362 747 509 790; x_wconf 90' lang='lat' dir='ltr'>partem</span> <span class='ocrx_word' id='word_1_67' title='bbox 531 742 673 777; x_wconf 80' lang='lat' dir='ltr'>divinae</span> <span class='ocrx_word' id='word_1_68' title='bbox 694 742 832 778; x_wconf 87' lang='lat' dir='ltr'>mentis</span> <span class='ocrx_word' id='word_1_69' title='bbox 853 748 889 778; x_wconf 86' lang='lat' dir='ltr'>et</span> <span class='ocrx_word' id='word_1_70' title='bbox 911 742 1071 778; x_wconf 85' lang='lat' dir='ltr'>haustus</span> <span class='ocrx_word' id='word_1_71' title='bbox 1198 742 1278 778; x_wconf 85' lang='lat'>220</span> 
     </span>
     <span class='ocr_line' id='line_1_12' title="bbox 87 793 1105 843; baseline 0 -13"><span class='ocrx_word' id='word_1_72' title='bbox 87 793 290 831; x_wconf 87' lang='lat' dir='ltr'>AEtherios</span> <span class='ocrx_word' id='word_1_73' title='bbox 309 794 460 838; x_wconf 82' lang='lat' dir='ltr'>dixere3</span> <span class='ocrx_word' id='word_1_74' title='bbox 481 794 608 832; x_wconf 90' lang='lat' dir='ltr'>Deum</span> <span class='ocrx_word' id='word_1_75' title='bbox 628 808 792 842; x_wconf 84' lang='lat' dir='ltr'>namque</span> <span class='ocrx_word' id='word_1_76' title='bbox 811 795 866 831; x_wconf 88' lang='lat' dir='ltr'>ire</span> <span class='ocrx_word' id='word_1_77' title='bbox 887 807 954 843; x_wconf 89' lang='lat' dir='ltr'>per</span> <span class='ocrx_word' id='word_1_78' title='bbox 974 807 1105 831; x_wconf 86' lang='lat' dir='ltr'>omnes</span> 
     </span>
     <span class='ocr_line' id='line_1_13' title="bbox 88 846 1189 896; baseline 0.001 -13"><span class='ocrx_word' id='word_1_79' title='bbox 88 846 307 896; x_wconf 88' lang='lat' dir='ltr'>Terrasque</span> <span class='ocrx_word' id='word_1_80' title='bbox 325 853 547 896; x_wconf 85' lang='lat' dir='ltr'>tractusque</span> <span class='ocrx_word' id='word_1_81' title='bbox 566 848 683 885; x_wconf 88' lang='lat' dir='ltr'>maris</span> <span class='ocrx_word' id='word_1_82' title='bbox 703 848 917 896; x_wconf 85' lang='lat' dir='ltr'>coelumque</span> <span class='ocrx_word' id='word_1_83' title='bbox 936 847 1189 896; x_wconf 84' lang='lat' dir='ltr'>prosundum3</span> 
     </span>
     <span class='ocr_line' id='line_1_14' title="bbox 87 898 1209 950; baseline 0.001 -14"><span class='ocrx_word' id='word_1_84' title='bbox 87 898 196 938; x_wconf 90' lang='lat' dir='ltr'>Hinc</span> <span class='ocrx_word' id='word_1_85' title='bbox 214 901 391 949; x_wconf 88' lang='lat' dir='ltr'>pecudes,</span> <span class='ocrx_word' id='word_1_86' title='bbox 411 907 595 945; x_wconf 75' lang='lat' dir='ltr'>armenta,</span> <span class='ocrx_word' id='word_1_87' title='bbox 616 902 732 945; x_wconf 88' lang='lat' dir='ltr'>viros,</span> <span class='ocrx_word' id='word_1_88' title='bbox 754 914 876 950; x_wconf 82' lang='lat' dir='ltr'>genus</span> <span class='ocrx_word' id='word_1_89' title='bbox 896 914 1007 938; x_wconf 87' lang='lat' dir='ltr'>omne</span> <span class='ocrx_word' id='word_1_90' title='bbox 1026 901 1209 945; x_wconf 82' lang='lat' dir='ltr'>ferarum,</span> 
     </span>
     <span class='ocr_line' id='line_1_15' title="bbox 89 951 1128 1002; baseline 0 -12"><span class='ocrx_word' id='word_1_91' title='bbox 89 951 291 1002; x_wconf 84' lang='lat' dir='ltr'>Quemque</span> <span class='ocrx_word' id='word_1_92' title='bbox 310 955 385 991; x_wconf 86' lang='lat' dir='ltr'>sibi</span> <span class='ocrx_word' id='word_1_93' title='bbox 405 961 539 991; x_wconf 86' lang='lat' dir='ltr'>tenues</span> <span class='ocrx_word' id='word_1_94' title='bbox 558 962 777 991; x_wconf 85' lang='lat' dir='ltr'>nascentem</span> <span class='ocrx_word' id='word_1_95' title='bbox 797 967 990 991; x_wconf 79' lang='lat' dir='ltr'>arcessere</span> <span class='ocrx_word' id='word_1_96' title='bbox 1009 955 1128 997; x_wconf 83' lang='lat' dir='ltr'>vitas;</span> 
     </span>
     <span class='ocr_line' id='line_1_16' title="bbox 89 1005 1278 1045; baseline -0.001 -1"><span class='ocrx_word' id='word_1_97' title='bbox 89 1005 247 1044; x_wconf 86' lang='lat' dir='ltr'>Scilicet</span> <span class='ocrx_word' id='word_1_98' title='bbox 265 1007 342 1045; x_wconf 89' lang='lat' dir='ltr'>huc</span> <span class='ocrx_word' id='word_1_99' title='bbox 361 1008 469 1044; x_wconf 88' lang='lat' dir='ltr'>reddi</span> <span class='ocrx_word' id='word_1_100' title='bbox 490 1007 630 1044; x_wconf 86' lang='lat' dir='ltr'>deinde</span> <span class='ocrx_word' id='word_1_101' title='bbox 650 1020 693 1044; x_wconf 89' lang='lat' dir='ltr'>ac</span> <span class='ocrx_word' id='word_1_102' title='bbox 713 1008 880 1044; x_wconf 88' lang='lat' dir='ltr'>resoluta</span> <span class='ocrx_word' id='word_1_103' title='bbox 900 1006 1036 1044; x_wconf 85' lang='lat' dir='ltr'>referri</span> <span class='ocrx_word' id='word_1_104' title='bbox 1200 1008 1278 1043; x_wconf 82' lang='lat'>225</span> 
     </span>
     <span class='ocr_line' id='line_1_17' title="bbox 89 1058 1079 1105; baseline 0.001 -9"><span class='ocrx_word' id='word_1_105' title='bbox 89 1058 248 1105; x_wconf 82' lang='lat' dir='ltr'>Omnia3</span> <span class='ocrx_word' id='word_1_106' title='bbox 266 1073 337 1098; x_wconf 86' lang='lat' dir='ltr'>nec</span> <span class='ocrx_word' id='word_1_107' title='bbox 355 1061 471 1097; x_wconf 89' lang='lat' dir='ltr'>morti</span> <span class='ocrx_word' id='word_1_108' title='bbox 490 1073 572 1098; x_wconf 88' lang='lat' dir='ltr'>esse</span> <span class='ocrx_word' id='word_1_109' title='bbox 592 1061 729 1104; x_wconf 88' lang='lat' dir='ltr'>locum,</span> <span class='ocrx_word' id='word_1_110' title='bbox 754 1061 819 1097; x_wconf 88' lang='lat' dir='ltr'>sed</span> <span class='ocrx_word' id='word_1_111' title='bbox 839 1061 929 1097; x_wconf 86' lang='lat' dir='ltr'>viva</span> <span class='ocrx_word' id='word_1_112' title='bbox 950 1061 1079 1098; x_wconf 85' lang='lat' dir='ltr'>volare</span> 
     </span>
     <span class='ocr_line' id='line_1_18' title="bbox 89 1110 1110 1162; baseline 0.001 -13"><span class='ocrx_word' id='word_1_113' title='bbox 89 1110 235 1151; x_wconf 87' lang='lat' dir='ltr'>Sideris</span> <span class='ocrx_word' id='word_1_114' title='bbox 253 1114 294 1150; x_wconf 88' lang='lat' dir='ltr'>in</span> <span class='ocrx_word' id='word_1_115' title='bbox 314 1126 528 1159; x_wconf 86' lang='lat' dir='ltr'>numerum,</span> <span class='ocrx_word' id='word_1_116' title='bbox 550 1121 664 1162; x_wconf 90' lang='lat' dir='ltr'>atque</span> <span class='ocrx_word' id='word_1_117' title='bbox 683 1114 760 1151; x_wconf 90' lang='lat' dir='ltr'>alto</span> <span class='ocrx_word' id='word_1_118' title='bbox 781 1114 984 1151; x_wconf 83' lang='lat' dir='ltr'>succedere</span> <span class='ocrx_word' id='word_1_119' title='bbox 1003 1114 1110 1151; x_wconf 78' lang='lat' dir='ltr'>coelo.</span> 
     </span>
     <span class='ocr_line' id='line_1_19' title="bbox 144 1165 1111 1217; baseline -0.001 -13"><span class='ocrx_word' id='word_1_120' title='bbox 144 1165 187 1204; x_wconf 86' lang='lat' dir='ltr'>Si</span> <span class='ocrx_word' id='word_1_121' title='bbox 206 1167 361 1215; x_wconf 88' lang='lat' dir='ltr'>quando</span> <span class='ocrx_word' id='word_1_122' title='bbox 378 1167 505 1204; x_wconf 86' lang='lat' dir='ltr'>sedem</span> <span class='ocrx_word' id='word_1_123' title='bbox 527 1173 729 1217; x_wconf 80' lang='lat' dir='ltr'>angustam</span> <span class='ocrx_word' id='word_1_124' title='bbox 750 1174 979 1215; x_wconf 88' lang='lat' dir='ltr'>servataque</span> <span class='ocrx_word' id='word_1_125' title='bbox 1001 1168 1111 1204; x_wconf 87' lang='lat' dir='ltr'>mella</span> 
     </span>
     <span class='ocr_line' id='line_1_20' title="bbox 88 1218 1144 1269; baseline 0.001 -13"><span class='ocrx_word' id='word_1_126' title='bbox 88 1218 300 1257; x_wconf 88' lang='lat' dir='ltr'>Thesauris</span> <span class='ocrx_word' id='word_1_127' title='bbox 319 1221 470 1265; x_wconf 89' lang='lat' dir='ltr'>relines‚</span> <span class='ocrx_word' id='word_1_128' title='bbox 493 1221 602 1269; x_wconf 86' lang='lat' dir='ltr'>prius</span> <span class='ocrx_word' id='word_1_129' title='bbox 622 1221 762 1257; x_wconf 88' lang='lat' dir='ltr'>haustu</span> <span class='ocrx_word' id='word_1_130' title='bbox 784 1233 938 1269; x_wconf 88' lang='lat' dir='ltr'>sparsus</span> <span class='ocrx_word' id='word_1_131' title='bbox 957 1233 1144 1268; x_wconf 87' lang='lat' dir='ltr'>aquarum</span> 
     </span>
     <span class='ocr_line' id='line_1_21' title="bbox 90 1271 1280 1322; baseline 0 -12"><span class='ocrx_word' id='word_1_132' title='bbox 90 1271 171 1310; x_wconf 90' lang='lat' dir='ltr'>Ora</span> <span class='ocrx_word' id='word_1_133' title='bbox 189 1272 289 1317; x_wconf 81' lang='lat' dir='ltr'>fove,</span> <span class='ocrx_word' id='word_1_134' title='bbox 310 1272 512 1321; x_wconf 87' lang='lat' dir='ltr'>fumosque</span> <span class='ocrx_word' id='word_1_135' title='bbox 532 1286 649 1310; x_wconf 90' lang='lat' dir='ltr'>manu</span> <span class='ocrx_word' id='word_1_136' title='bbox 670 1274 865 1321; x_wconf 61' lang='lat' dir='ltr'>praetende</span> <span class='ocrx_word' id='word_1_137' title='bbox 886 1286 1078 1322; x_wconf 80' lang='lat' dir='ltr'>sequaces.</span> <span class='ocrx_word' id='word_1_138' title='bbox 1201 1275 1280 1311; x_wconf 89' lang='grc'>230</span> 
     </span>
     <span class='ocr_line' id='line_1_22' title="bbox 87 1325 1117 1375; baseline 0.001 -13"><span class='ocrx_word' id='word_1_139' title='bbox 87 1325 160 1362; x_wconf 90' lang='lat' dir='ltr'>Bis</span> <span class='ocrx_word' id='word_1_140' title='bbox 177 1326 362 1375; x_wconf 83' lang='lat' dir='ltr'>gravidos</span> <span class='ocrx_word' id='word_1_141' title='bbox 381 1332 525 1375; x_wconf 86' lang='lat' dir='ltr'>cogunt</span> <span class='ocrx_word' id='word_1_142' title='bbox 543 1327 656 1370; x_wconf 86' lang='lat' dir='ltr'>fetus,</span> <span class='ocrx_word' id='word_1_143' title='bbox 679 1327 754 1362; x_wconf 89' lang='lat' dir='ltr'>duo</span> <span class='ocrx_word' id='word_1_144' title='bbox 774 1333 947 1375; x_wconf 84' lang='lat' dir='ltr'>tempora</span> <span class='ocrx_word' id='word_1_145' title='bbox 967 1328 1117 1364; x_wconf 88' lang='lat' dir='ltr'>messis:</span> 
     </span>
     <span class='ocr_line' id='line_1_23' title="bbox 89 1378 1005 1429; baseline 0 -13"><span class='ocrx_word' id='word_1_146' title='bbox 89 1378 266 1429; x_wconf 83' lang='lat' dir='ltr'>Taygete</span> <span class='ocrx_word' id='word_1_147' title='bbox 284 1380 401 1417; x_wconf 86' lang='lat' dir='ltr'>simul</span> <span class='ocrx_word' id='word_1_148' title='bbox 420 1393 460 1417; x_wconf 90' lang='lat' dir='ltr'>os</span> <span class='ocrx_word' id='word_1_149' title='bbox 480 1381 595 1417; x_wconf 81' lang='lat' dir='ltr'>terris</span> <span class='ocrx_word' id='word_1_150' title='bbox 614 1380 782 1417; x_wconf 84' lang='lat' dir='ltr'>ostendit</span> <span class='ocrx_word' id='word_1_151' title='bbox 801 1380 1005 1416; x_wconf 82' lang='lat' dir='ltr'>honestum</span> 
     </span>
     <span class='ocr_line' id='line_1_24' title="bbox 87 1431 1066 1482; baseline 0 -12"><span class='ocrx_word' id='word_1_152' title='bbox 87 1431 230 1478; x_wconf 83' lang='lat' dir='ltr'>Pleias,</span> <span class='ocrx_word' id='word_1_153' title='bbox 252 1438 291 1470; x_wconf 87' lang='lat' dir='ltr'>et</span> <span class='ocrx_word' id='word_1_154' title='bbox 311 1432 452 1471; x_wconf 87' lang='lat' dir='ltr'>Oceani</span> <span class='ocrx_word' id='word_1_155' title='bbox 473 1439 621 1482; x_wconf 83' lang='lat' dir='ltr'>spretos</span> <span class='ocrx_word' id='word_1_156' title='bbox 640 1434 736 1481; x_wconf 87' lang='lat' dir='ltr'>pede</span> <span class='ocrx_word' id='word_1_157' title='bbox 756 1434 899 1482; x_wconf 86' lang='lat' dir='ltr'>repulit</span> <span class='ocrx_word' id='word_1_158' title='bbox 919 1446 1066 1477; x_wconf 89' lang='lat' dir='ltr'>amnes;</span> 
     </span>
     <span class='ocr_line' id='line_1_25' title="bbox 87 1484 1011 1535; baseline 0 -12"><span class='ocrx_word' id='word_1_159' title='bbox 87 1484 175 1523; x_wconf 75' lang='lat' dir='ltr'>Aut</span> <span class='ocrx_word' id='word_1_160' title='bbox 195 1486 327 1523; x_wconf 85' lang='lat' dir='ltr'>eadem</span> <span class='ocrx_word' id='word_1_161' title='bbox 347 1486 453 1524; x_wconf 85' lang='lat' dir='ltr'>sidus</span> <span class='ocrx_word' id='word_1_162' title='bbox 472 1487 626 1535; x_wconf 84' lang='lat' dir='ltr'>fugiens</span> <span class='ocrx_word' id='word_1_163' title='bbox 646 1487 711 1523; x_wconf 89' lang='lat' dir='ltr'>ubi</span> <span class='ocrx_word' id='word_1_164' title='bbox 733 1487 858 1523; x_wconf 90' lang='lat' dir='ltr'>Piscis</span> <span class='ocrx_word' id='word_1_165' title='bbox 878 1487 1011 1535; x_wconf 85' lang='lat' dir='ltr'>aquosi</span> 
     </span>
     <span class='ocr_line' id='line_1_26' title="bbox 89 1537 1278 1578; baseline 0.003 -3"><span class='ocrx_word' id='word_1_166' title='bbox 89 1537 260 1577; x_wconf 83' lang='lat' dir='ltr'>Tristior</span> <span class='ocrx_word' id='word_1_167' title='bbox 278 1539 459 1577; x_wconf 88' lang='lat' dir='ltr'>hibernas</span> <span class='ocrx_word' id='word_1_168' title='bbox 479 1541 574 1577; x_wconf 86' lang='lat' dir='ltr'>coelo</span> <span class='ocrx_word' id='word_1_169' title='bbox 595 1540 794 1577; x_wconf 84' lang='lat' dir='ltr'>descendit</span> <span class='ocrx_word' id='word_1_170' title='bbox 813 1541 853 1575; x_wconf 89' lang='lat' dir='ltr'>in</span> <span class='ocrx_word' id='word_1_171' title='bbox 876 1541 1007 1577; x_wconf 89' lang='lat' dir='ltr'>undas.</span> <span class='ocrx_word' id='word_1_172' title='bbox 1201 1542 1278 1578; x_wconf 89' lang='grc'>235</span> 
     </span>
     <span class='ocr_line' id='line_1_27' title="bbox 87 1592 1058 1643; baseline 0.001 -14"><span class='ocrx_word' id='word_1_173' title='bbox 87 1592 173 1630; x_wconf 88' lang='lat' dir='ltr'>Illis</span> <span class='ocrx_word' id='word_1_174' title='bbox 192 1593 251 1630; x_wconf 88' lang='lat' dir='ltr'>ira</span> <span class='ocrx_word' id='word_1_175' title='bbox 269 1593 424 1630; x_wconf 90' lang='lat' dir='ltr'>modum</span> <span class='ocrx_word' id='word_1_176' title='bbox 445 1605 561 1643; x_wconf 88' lang='lat' dir='ltr'>supra</span> <span class='ocrx_word' id='word_1_177' title='bbox 580 1599 649 1638; x_wconf 82' lang='lat' dir='ltr'>est,</span> <span class='ocrx_word' id='word_1_178' title='bbox 670 1593 846 1641; x_wconf 75' lang='lat' dir='ltr'>laesaeque</span> <span class='ocrx_word' id='word_1_179' title='bbox 867 1606 1058 1630; x_wconf 83' lang='lat' dir='ltr'>venenum</span> 
     </span>
     <span class='ocr_line' id='line_1_28' title="bbox 88 1645 1099 1696; baseline 0.001 -13"><span class='ocrx_word' id='word_1_180' title='bbox 88 1645 289 1684; x_wconf 88' lang='lat' dir='ltr'>Morsibus</span> <span class='ocrx_word' id='word_1_181' title='bbox 307 1647 510 1695; x_wconf 84' lang='lat' dir='ltr'>inspirant,</span> <span class='ocrx_word' id='word_1_182' title='bbox 530 1652 567 1684; x_wconf 94' lang='lat' dir='ltr'>et</span> <span class='ocrx_word' id='word_1_183' title='bbox 588 1646 735 1694; x_wconf 86' lang='lat' dir='ltr'>spicula</span> <span class='ocrx_word' id='word_1_184' title='bbox 754 1659 854 1684; x_wconf 83' lang='lat' dir='ltr'>caeca</span> <span class='ocrx_word' id='word_1_185' title='bbox 873 1647 1099 1696; x_wconf 82' lang='lat' dir='ltr'>relinquunt</span> 
     </span>
     <span class='ocr_line' id='line_1_29' title="bbox 88 1698 1050 1749; baseline 0 -13"><span class='ocrx_word' id='word_1_186' title='bbox 88 1698 245 1737; x_wconf 85' lang='lat' dir='ltr'>Adfixae</span> <span class='ocrx_word' id='word_1_187' title='bbox 265 1700 386 1746; x_wconf 87' lang='lat' dir='ltr'>venis,</span> <span class='ocrx_word' id='word_1_188' title='bbox 408 1700 631 1749; x_wconf 88' lang='lat' dir='ltr'>animasque</span> <span class='ocrx_word' id='word_1_189' title='bbox 650 1700 690 1736; x_wconf 91' lang='lat' dir='ltr'>in</span> <span class='ocrx_word' id='word_1_190' title='bbox 712 1700 867 1737; x_wconf 90' lang='lat' dir='ltr'>volnere</span> <span class='ocrx_word' id='word_1_191' title='bbox 888 1706 1050 1749; x_wconf 81' lang='lat' dir='ltr'>ponunt.</span> 
     </span>
     <span class='ocr_line' id='line_1_30' title="bbox 92 1751 1066 1802; baseline 0.001 -13"><span class='ocrx_word' id='word_1_192' title='bbox 92 1751 163 1790; x_wconf 87' lang='lat' dir='ltr'>Sin</span> <span class='ocrx_word' id='word_1_193' title='bbox 183 1753 318 1791; x_wconf 88' lang='lat' dir='ltr'>duram</span> <span class='ocrx_word' id='word_1_194' title='bbox 338 1758 485 1791; x_wconf 89' lang='lat' dir='ltr'>metues</span> <span class='ocrx_word' id='word_1_195' title='bbox 504 1754 670 1790; x_wconf 87' lang='lat' dir='ltr'>hiemem</span> <span class='ocrx_word' id='word_1_196' title='bbox 693 1766 900 1802; x_wconf 86' lang='lat' dir='ltr'>parcesque</span> <span class='ocrx_word' id='word_1_197' title='bbox 919 1753 1066 1800; x_wconf 84' lang='lat' dir='ltr'>futuro,</span> 
     </span>
     <span class='ocr_line' id='line_1_31' title="bbox 90 1804 1280 1855; baseline 0 -11"><span class='ocrx_word' id='word_1_198' title='bbox 90 1804 359 1855; x_wconf 83' lang='lat' dir='ltr'>Contusosque</span> <span class='ocrx_word' id='word_1_199' title='bbox 378 1807 525 1844; x_wconf 87' lang='lat' dir='ltr'>animos</span> <span class='ocrx_word' id='word_1_200' title='bbox 545 1813 582 1844; x_wconf 86' lang='lat' dir='ltr'>et</span> <span class='ocrx_word' id='word_1_201' title='bbox 601 1820 662 1844; x_wconf 86' lang='lat' dir='ltr'>res</span> <span class='ocrx_word' id='word_1_202' title='bbox 682 1808 914 1844; x_wconf 82' lang='lat' dir='ltr'>miserabere</span> <span class='ocrx_word' id='word_1_203' title='bbox 934 1807 1091 1844; x_wconf 83' lang='lat' dir='ltr'>fractas:</span> <span class='ocrx_word' id='word_1_204' title='bbox 1201 1808 1280 1843; x_wconf 84' lang='lat'>240</span> 
     </span>
     <span class='ocr_line' id='line_1_32' title="bbox 88 1857 998 1910; baseline 0.002 -14"><span class='ocrx_word' id='word_1_205' title='bbox 88 1857 147 1896; x_wconf 88' lang='lat' dir='ltr'>At</span> <span class='ocrx_word' id='word_1_206' title='bbox 165 1860 296 1898; x_wconf 87' lang='lat' dir='ltr'>suffire</span> <span class='ocrx_word' id='word_1_207' title='bbox 318 1860 452 1910; x_wconf 86' lang='lat' dir='ltr'>thymo</span> <span class='ocrx_word' id='word_1_208' title='bbox 471 1873 653 1909; x_wconf 88' lang='lat' dir='ltr'>cerasque</span> <span class='ocrx_word' id='word_1_209' title='bbox 673 1861 845 1898; x_wconf 88' lang='lat' dir='ltr'>recidere</span> <span class='ocrx_word' id='word_1_210' title='bbox 864 1861 998 1898; x_wconf 89' lang='lat' dir='ltr'>inanes</span> 
     </span>
     <span class='ocr_line' id='line_1_33' title="bbox 91 1911 1111 1962; baseline -0.001 -12"><span class='ocrx_word' id='word_1_211' title='bbox 91 1911 190 1958; x_wconf 85' lang='lat' dir='ltr'>Quis</span> <span class='ocrx_word' id='word_1_212' title='bbox 209 1913 382 1951; x_wconf 84' lang='lat' dir='ltr'>dubitet?</span> <span class='ocrx_word' id='word_1_213' title='bbox 437 1913 541 1951; x_wconf 86' lang='lat' dir='ltr'>Nam</span> <span class='ocrx_word' id='word_1_214' title='bbox 561 1926 659 1962; x_wconf 76' lang='lat' dir='ltr'>saepe</span> <span class='ocrx_word' id='word_1_215' title='bbox 679 1914 788 1950; x_wconf 86' lang='lat' dir='ltr'>favos</span> <span class='ocrx_word' id='word_1_216' title='bbox 808 1914 963 1962; x_wconf 78' lang='lat' dir='ltr'>ignotus</span> <span class='ocrx_word' id='word_1_217' title='bbox 983 1914 1111 1951; x_wconf 85' lang='lat' dir='ltr'>adedit</span> 
     </span>
     <span class='ocr_line' id='line_1_34' title="bbox 91 1964 1022 2016; baseline 0.001 -13"><span class='ocrx_word' id='word_1_218' title='bbox 91 1964 238 2013; x_wconf 84' lang='lat' dir='ltr'>Stellio,</span> <span class='ocrx_word' id='word_1_219' title='bbox 257 1972 296 2004; x_wconf 80' lang='lat' dir='ltr'>et</span> <span class='ocrx_word' id='word_1_220' title='bbox 313 1966 497 2016; x_wconf 85' lang='lat' dir='ltr'>lucifugis</span> <span class='ocrx_word' id='word_1_221' title='bbox 517 1973 700 2014; x_wconf 80' lang='lat' dir='ltr'>congesta</span> <span class='ocrx_word' id='word_1_222' title='bbox 718 1968 859 2004; x_wconf 82' lang='lat' dir='ltr'>cubilia</span> <span class='ocrx_word' id='word_1_223' title='bbox 879 1967 1022 2012; x_wconf 85' lang='lat' dir='ltr'>blattis,</span> 
     </span>
     <span class='ocr_line' id='line_1_35' title="bbox 88 2018 1028 2069; baseline 0 -12"><span class='ocrx_word' id='word_1_224' title='bbox 88 2018 357 2069; x_wconf 88' lang='lat' dir='ltr'>Immunisque</span> <span class='ocrx_word' id='word_1_225' title='bbox 377 2021 512 2057; x_wconf 88' lang='lat' dir='ltr'>sedens</span> <span class='ocrx_word' id='word_1_226' title='bbox 531 2021 655 2057; x_wconf 86' lang='lat' dir='ltr'>aliena</span> <span class='ocrx_word' id='word_1_227' title='bbox 674 2020 720 2056; x_wconf 86' lang='lat' dir='ltr'>ad</span> <span class='ocrx_word' id='word_1_228' title='bbox 741 2020 880 2069; x_wconf 85' lang='lat' dir='ltr'>pabula</span> <span class='ocrx_word' id='word_1_229' title='bbox 899 2020 1028 2064; x_wconf 86' lang='lat' dir='ltr'>fucus3</span> 
     </span>
     <span class='ocr_line' id='line_1_36' title="bbox 88 2071 1277 2122; baseline 0.001 -13"><span class='ocrx_word' id='word_1_230' title='bbox 88 2071 175 2110; x_wconf 83' lang='lat' dir='ltr'>Aut</span> <span class='ocrx_word' id='word_1_231' title='bbox 193 2085 304 2122; x_wconf 87' lang='lat' dir='ltr'>asper</span> <span class='ocrx_word' id='word_1_232' title='bbox 323 2074 458 2111; x_wconf 87' lang='lat' dir='ltr'>crabro</span> <span class='ocrx_word' id='word_1_233' title='bbox 478 2074 690 2122; x_wconf 85' lang='lat' dir='ltr'>imparibus</span> <span class='ocrx_word' id='word_1_234' title='bbox 710 2086 749 2110; x_wconf 86' lang='lat' dir='ltr'>se</span> <span class='ocrx_word' id='word_1_235' title='bbox 770 2074 977 2111; x_wconf 82' lang='lat' dir='ltr'>immiscuit</span> <span class='ocrx_word' id='word_1_236' title='bbox 997 2074 1125 2118; x_wconf 87' lang='lat' dir='ltr'>armis,</span> <span class='ocrx_word' id='word_1_237' title='bbox 1199 2075 1277 2110; x_wconf 74' lang='lat'>245</span> 
     </span>
     <span class='ocr_line' id='line_1_37' title="bbox 89 2123 1077 2176; baseline 0.001 -14"><span class='ocrx_word' id='word_1_238' title='bbox 89 2123 175 2163; x_wconf 85' lang='lat' dir='ltr'>Aut</span> <span class='ocrx_word' id='word_1_239' title='bbox 189 2126 328 2170; x_wconf 86' lang='lat' dir='ltr'>dirum,</span> <span class='ocrx_word' id='word_1_240' title='bbox 349 2127 476 2172; x_wconf 81' lang='lat' dir='ltr'>tineae,</span> <span class='ocrx_word' id='word_1_241' title='bbox 494 2140 635 2176; x_wconf 85' lang='lat' dir='ltr'>genus:</span> <span class='ocrx_word' id='word_1_242' title='bbox 654 2133 721 2164; x_wconf 87' lang='lat' dir='ltr'>aut</span> <span class='ocrx_word' id='word_1_243' title='bbox 740 2127 866 2164; x_wconf 86' lang='lat' dir='ltr'>invisa</span> <span class='ocrx_word' id='word_1_244' title='bbox 886 2125 1077 2164; x_wconf 75' lang='lat' dir='ltr'>Minervae</span> 
     </span>
     <span class='ocr_line' id='line_1_38' title="bbox 89 2178 976 2229; baseline 0.001 -13"><span class='ocrx_word' id='word_1_245' title='bbox 89 2178 217 2216; x_wconf 87' lang='lat' dir='ltr'>Laxos</span> <span class='ocrx_word' id='word_1_246' title='bbox 236 2179 277 2216; x_wconf 88' lang='lat' dir='ltr'>in</span> <span class='ocrx_word' id='word_1_247' title='bbox 297 2179 445 2218; x_wconf 86' lang='lat' dir='ltr'>foribus</span> <span class='ocrx_word' id='word_1_248' title='bbox 465 2181 664 2229; x_wconf 86' lang='lat' dir='ltr'>suspendit</span> <span class='ocrx_word' id='word_1_249' title='bbox 683 2193 822 2217; x_wconf 82' lang='lat' dir='ltr'>aranea</span> <span class='ocrx_word' id='word_1_250' title='bbox 841 2193 976 2218; x_wconf 87' lang='lat' dir='ltr'>casses.</span> 
     </span>
     <span class='ocr_line' id='line_1_39' title="bbox 93 2231 1104 2282; baseline 0.003 -14"><span class='ocrx_word' id='word_1_251' title='bbox 93 2231 181 2279; x_wconf 80' lang='lat' dir='ltr'>Quo</span> <span class='ocrx_word' id='word_1_252' title='bbox 199 2233 323 2282; x_wconf 87' lang='lat' dir='ltr'>magis</span> <span class='ocrx_word' id='word_1_253' title='bbox 342 2234 539 2271; x_wconf 67' lang='lat' dir='ltr'>exhaustae</span> <span class='ocrx_word' id='word_1_254' title='bbox 559 2233 715 2278; x_wconf 85' lang='lat' dir='ltr'>fuerint,</span> <span class='ocrx_word' id='word_1_255' title='bbox 738 2234 808 2270; x_wconf 89' lang='lat' dir='ltr'>hoc</span> <span class='ocrx_word' id='word_1_256' title='bbox 828 2235 954 2271; x_wconf 87' lang='lat' dir='ltr'>acrius</span> <span class='ocrx_word' id='word_1_257' title='bbox 973 2247 1104 2271; x_wconf 79' lang='lat' dir='ltr'>omnes</span> 
     </span>
     <span class='ocr_line' id='line_1_40' title="bbox 90 2285 939 2336; baseline 0.002 -14"><span class='ocrx_word' id='word_1_258' title='bbox 90 2285 324 2324; x_wconf 83' lang='lat' dir='ltr'>Incumbent</span> <span class='ocrx_word' id='word_1_259' title='bbox 342 2287 496 2336; x_wconf 87' lang='lat' dir='ltr'>generis</span> <span class='ocrx_word' id='word_1_260' title='bbox 516 2288 612 2336; x_wconf 85' lang='lat' dir='ltr'>lapsi</span> <span class='ocrx_word' id='word_1_261' title='bbox 632 2287 774 2324; x_wconf 87' lang='lat' dir='ltr'>sarcire</span> <span class='ocrx_word' id='word_1_262' title='bbox 795 2287 939 2332; x_wconf 88' lang='lat' dir='ltr'>ruinas,</span> 
     </span>
     <span class='ocr_line' id='line_1_41' title="bbox 91 2337 1279 2398; baseline -0.002 -19"><span class='ocrx_word' id='word_1_263' title='bbox 91 2337 428 2398; x_wconf 72' lang='lat' dir='ltr'>Complebuntque</span> <span class='ocrx_word' id='word_1_264' title='bbox 447 2340 560 2387; x_wconf 88' lang='lat' dir='ltr'>foros,</span> <span class='ocrx_word' id='word_1_265' title='bbox 581 2346 619 2379; x_wconf 89' lang='lat' dir='ltr'>et</span> <span class='ocrx_word' id='word_1_266' title='bbox 638 2341 797 2378; x_wconf 86' lang='lat' dir='ltr'>floribus</span> <span class='ocrx_word' id='word_1_267' title='bbox 817 2341 954 2379; x_wconf 85' lang='lat' dir='ltr'>horrca</span> <span class='ocrx_word' id='word_1_268' title='bbox 975 2347 1123 2379; x_wconf 79' lang='lat' dir='ltr'>texerit.</span> <span class='ocrx_word' id='word_1_269' title='bbox 1198 2341 1279 2377; x_wconf 89' lang='grc'>250</span> 
     </span>
    </p>
   </div>
  </div>
 </body>
</html>
