1508 2641
218 191 277 242 §.3
627 201 980 245 GEORGICON.
1384 207 1411 247 7

274 298 449 340 Alternis
464 303 566 341 idem
586 312 715 346 tonsas
734 322 882 350 cessare
901 317 1067 362 novales,

216 351 272 389 {Et
292 366 446 402 segnem
465 358 611 405 patiere
626 361 701 398 situ
723 363 925 404 durescere
944 381 1139 418 campum3

217 404 306 442 Aut
320 407 373 443 ibi
392 408 493 447 flava
513 423 625 453 seres,
656 422 804 454 mutato
825 419 962 466 sidere,
984 423 1100 470 farra,

215 457 331 497 Unde
352 462 458 508 prius
477 463 605 502 laetum
626 468 762 517 siliqua
782 481 987 519 quassante
1007 477 1195 526 legumen5

212 511 298 549 Aut
316 515 444 552 tenuis
462 515 564 556 fetus
584 520 693 557 vieiae
712 524 912 575 tristisque
930 528 1054 577 lupini
1346 539 1400 578 ⁴75

207 562 421 604 Sustuleris
435 568 591 619 fragiles
611 574 774 613 calamos
794 578 1008 630 silvamque
1027 593 1237 626 sonantem.

211 616 304 655 Urit
324 621 425 657 enirn
446 622 515 660 lini
535 637 713 675 campum
733 642 853 679 seges,
872 634 954 670 urit
973 648 1104 675 avenae

209 669 343 709 Urunt
363 672 519 714 Lethaeo
537 679 692 726 perfusa
719 695 910 732 papavera
930 699 1076 727 somno:

206 722 288 761 Sed
307 731 434 764 tamen
454 730 610 769 alternis
629 733 753 772 facilis
782 738 903 776 labor:
933 742 1040 780 arida
1059 751 1208 783 tantum

204 775 268 814 Ne
287 785 459 819 saturare
478 784 568 821 fimo
585 786 721 834 pingui
742 791 885 838 pudeat
904 794 995 841 sola,
1015 809 1113 834 neve
1343 806 1396 842 83

203 827 352 869 Effetos
371 834 538 874 cinerem
559 839 797 879 immundum
814 843 963 892 jactare
982 862 1052 897 per
1070 864 1194 900 agros.

198 880 267 920 'Sic
286 897 438 936 quoque
455 893 614 929 mutatis
633 897 880 943 requiescunt
899 900 1040 940 fetibus
1061 917 1171 949 arva;

200 935 288 974 Nec
307 940 413 978 nulla
432 942 579 982 interea
599 954 657 983 est
676 948 834 987 inaratae
853 954 979 1001 gratia
999 962 1123 994 terrae.

198 986 311 1039 'Saepe
330 993 445 1031 etiam
465 998 615 1035 steriles
634 1001 839 1041 incendere
859 1007 1004 1054 profuit
1023 1023 1149 1059 agi-OS,

171 1070 174 1073 .
199 1042 334 1092 Atque
352 1046 477 1085 levem
496 1051 678 1098 stipulam
698 1058 977 1105 crepitantibus
997 1075 1108 1102 urere
1127 1066 1307 1106 flammis:
1337 1071 1387 1108 85

193 1094 291 1134 :Sive
310 1099 399 1136 inde
416 1103 585 1142 occultas
606 1107 707 1144 vires
725 1115 764 1145 et
782 1112 923 1158 pabula
941 1120 1055 1152 terrae

195 1147 366 1199 Pinguia
379 1156 624 1204 *concipiunt3
653 1161 736 1199 sive
755 1163 832 1201 illis
855 1178 966 1204 omne
983 1181 1054 1217 per
1072 1171 1201 1219 ignem

193 1199 439 1252 Excoquitur
458 1209 610 1255 vitium,
631 1220 746 1262 atque
765 1220 930 1257 exsudat
954 1221 1104 1261 inutilis
1124 1226 1278 1272 humor}

188 1253 270 1292 Seu
285 1258 414 1305 plures
434 1262 537 1300 calor
554 1264 619 1301 ille
642 1267 722 1304 vias
741 1276 779 1306 et
799 1282 898 1309 caeca
916 1274 1066 1313 relaxat

194 1306 446 1358 spiramenta,
467 1329 587 1354 novas
607 1320 737 1357 veniat
757 1334 833 1370 qua
852 1337 988 1365 succus
1007 1329 1047 1365 in
1068 1331 1224 1377 herbas3
1329 1340 1385 1376 90

194 1360 271 1399 Seu
292 1364 405 1403 durat
423 1369 557 1417 magis,
579 1377 618 1408 et
637 1385 756 1412 venas
777 1377 984 1428 adstringit
1003 1382 1168 1422 hiantes:

187 1413 253 1452 Ne
270 1422 405 1456 tenues
423 1421 580 1468 pluviae,
599 1426 772 1474 rapidive
791 1434 963 1477 potentia
974 1435 1063 1473 solis

187 1468 343 1515 Acrior,
364 1479 429 1509 aut
449 1474 583 1512 Boreae
605 1483 841 1526 penetrabile
858 1484 984 1535 frigus
1001 1490 1155 1528 adurat.

189 1520 359 1561 Multum
379 1527 484 1572 adeo,
505 1531 641 1569 rastris
659 1533 791 1581 glebas
811 1538 878 1585 qui
898 1539 1043 1590 frangit
1063 1544 1218 1590 inertes,

187 1573 465 1627 *vimineasque
484 1584 605 1621 trahit
624 1593 759 1632 crates,
776 1588 892 1636 juvat
912 1606 1021 1632 arva:
1037 1609 1161 1645 neque
1180 1600 1288 1638 illum
1328 1605 1377 1641 95

185 1626 308 1666 Flava
328 1630 445 1670 Ceres
465 1635 542 1672 alto
562 1639 820 1690 nequidquam
840 1652 986 1693 spectat
1008 1648 1191 1700 Olympo3

183 1679 238 1717 Et
257 1683 335 1730 qui,
356 1687 545 1733 proscisso
565 1703 649 1739 quae
669 1695 828 1733 suscitat
849 1711 1001 1747 aequore
1020 1710 1142 1752 terga,

185 1732 338 1774 Rursus
357 1738 398 1774 in
418 1740 616 1790 obliquum
638 1758 749 1784 verso
768 1753 984 1800 perrumpit
1004 1763 1143 1803 aratro,

182 1786 433 1840 {Exercetque
452 1793 633 1843 frequens
653 1800 844 1850 tellurem,
865 1812 980 1854 atque
1000 1809 1164 1859 imperat
1183 1815 1301 1852 arvis.

235 1839 407 1882 Humida
427 1847 590 1887 solstitia
610 1857 724 1901 atque
744 1855 889 1895 hiemes
908 1867 1014 1898 orate
1030 1875 1196 1911 serenas,
1300 1872 1374 1907 100

177 1892 401 1942 Agricolae-3
419 1899 581 1939 hiberno
599 1903 793 1946 laetissima
813 1912 972 1959 pulvere
991 1915 1104 1962 farra,

178 1946 310 1986 Laetus
331 1963 423 2000 ager
443 1968 453 1997 ;
474 1955 580 1993 nullo
599 1964 750 1997 tantum
771 1975 810 1999 se
833 1964 961 2015 Mysia
980 1969 1086 2007 cultu

169 1997 317 2048 jactat,
337 2011 375 2041 et
393 2005 477 2054 ipsa
497 2020 585 2046 suas
604 2012 794 2051 mirantur
811 2016 994 2067 Gargara
1013 2035 1171 2063 messes.

179 2050 284 2098 Quid
305 2056 440 2104 dicam,
455 2059 562 2108 jacto
579 2066 650 2112 qui
673 2069 817 2107 semine
837 2075 1050 2113 comminus
1071 2090 1164 2116 arva

177 2104 412 2157 Insequitur,
433 2116 683 2166 cumulosque
700 2122 781 2158 ”ruit
801 2125 900 2162 male
920 2127 1075 2178 pinguis
1095 2144 1219 2169 arenae
1238 2134 1254 2171 ἲ
1293 2136 1366 2174 105

174 2154 327 2198 Deinde
347 2165 439 2203 satis
455 2167 622 2207 fiuvium
643 2172 793 2213 inducit
812 2178 995 2227 rivosque
1015 2193 1230 2232 sequentes,

174 2210 228 2247 Et
249 2226 367 2261 quum
386 2227 547 2258 exustus
565 2236 659 2272 ager
678 2229 929 2269 morientibus
949 2242 1085 2273 aestuat
1106 2238 1246 2285 herbis,

173 2263 277 2302 Ecce
297 2272 503 2316 supercilio
522 2275 658 2315 clivosi
679 2283 844 2320 tramitis
866 2287 1006 2324 undam

172 2316 293 2356 Elicit
313 2320 329 2357 Ρ
348 2322 415 2360 illa
433 2327 572 2365 cadens
592 2343 750 2370 raucum
770 2348 838 2384 per
857 2338 957 2376 levia
976 2354 1151 2380 murmur

166 2367 276 2409 &Saxa
296 2374 382 2420 ciet,
404 2381 665 2430 scatebrisque
683 2389 831 2425 arentia
851 2396 1039 2440 temperat
1059 2408 1162 2434 arva.
1287 2403 1361 2438 110

162 2421 292 2473 Quid,
314 2429 392 2476 qui,
415 2442 463 2469 ne
481 2435 653 2480 gravidis
674 2443 900 2486 procumbat
914 2447 1067 2486 culmus
1088 2450 1230 2495 aristis,
