1493 2641
95 198 147 234 46
393 195 438 232 P.
471 193 720 232 VIRGILII
751 192 1011 232 MARONIS
1182 191 1293 244 [Lm.

97 302 203 339 Hinc
222 301 552 339 canibusblandis
571 301 698 338 rabies
719 301 838 345 venit,
859 307 896 338 et
918 300 1046 349 quatit
1065 311 1188 349 aegros

99 356 236 392 Tussis
256 356 394 392 anhela
414 367 512 399 sues
535 367 579 391 ac
598 355 774 391 saucibus
795 355 903 402 angit
922 355 1059 391 obesis.

96 409 271 452 Labitur,
294 409 433 445 infelix
455 408 670 445 studiorum
691 414 805 456 atque
825 408 1026 444 immemor
1045 407 1186 453 herbae,

97 462 238 499 Victor
258 474 390 510 equus,
412 461 615 509 fontesque
635 463 837 506 avertitur,
859 467 897 498 et
917 462 1013 510 pede
1033 467 1177 498 terram

98 514 246 553 Crebra
264 515 379 557 ferit3
408 515 581 551 demissae
602 526 724 560 aures,
746 515 916 552 incertus
937 515 1079 551 ibidem
1217 514 1297 550 500

100 568 240 614 Sudor,
261 574 299 605 et
319 568 384 604 ille
404 568 560 616 quidem
580 567 779 604 morituris
799 567 988 616 frigidus3
1020 573 1104 604 aret

98 621 232 667 Pellis,
254 627 293 658 et
313 622 360 657 ad
381 626 526 658 tactum
547 621 730 658 tractanti
751 622 848 658 dura
867 621 1027 658 resistit.

99 675 195 712 Haec
216 681 305 711 ante
325 675 489 711 exitium
511 674 646 722 primis
666 675 758 711 dant
778 675 889 723 signa
909 675 1059 711 diebus.

101 727 171 765 Sin
190 728 230 764 in
251 740 431 776 processu
451 728 567 776 coepit
587 728 812 765 crudescere
832 729 1010 764 morbus:

97 781 198 818 Tum
220 794 312 818 vero
331 781 509 818 ardentes
529 780 629 818 oculi
650 787 765 829 atque
785 787 971 818 attractus
992 781 1039 818 ab
1060 780 1138 817 alto
1220 780 1297 816 505

103 834 286 882 Spiritus,
307 834 503 871 interdum
523 835 670 882 gemitu
691 835 839 883 gravis;
868 835 1022 883 imaque
1041 834 1157 882 longo

100 887 176 925 Ilia
195 888 368 937 singultu
388 888 574 931 tendunt3
601 888 632 924 it
651 888 810 924 naribus
830 894 912 924 ater

102 940 283 989 Sanguis,
303 947 341 977 et
360 942 532 978 obsessas
552 940 681 978 fauces
702 941 842 990 premit
863 953 998 990 aspera
1016 939 1163 990 lingua.

96 994 252 1031 Profuit
271 995 418 1031 inserto
437 994 572 1031 latices
591 994 797 1031 infundere
817 1006 938 1031 cornu

96 1047 283 1092 lenae0s3
312 1060 357 1085 ea
376 1047 461 1084 visa
482 1048 583 1085 salus
604 1048 861 1084 morientibus
883 1060 976 1091 una3
1222 1047 1302 1084 510

100 1100 199 1138 Mox
219 1107 302 1138 erat
320 1102 393 1138 hoc
412 1101 539 1149 ipsum
561 1101 693 1144 exitio,
716 1101 906 1149 furiisque
926 1101 1063 1138 refecti

100 1155 317 1198 Ardebant,
336 1154 488 1202 ipsique
509 1167 597 1191 suos
611 1153 693 1202 jam
714 1161 838 1191 morte
858 1156 929 1192 sub
949 1167 1062 1203 aegra,

98 1208 206 1243 -Di
227 1208 385 1245 meliora
405 1208 493 1256 piis,
514 1220 759 1256 erroremque
778 1209 956 1245 hostibus
975 1208 1084 1245 illum
1102 1208 1167 1246 1—-

99 1260 293 1298 Discissos
312 1262 427 1298 nudis
447 1262 647 1298 laniabant
666 1261 847 1298 dentibus
867 1268 985 1298 artus.

100 1314 203 1351 Ecce
223 1321 352 1351 autem
373 1314 469 1351 duro
488 1314 642 1351 fumans
663 1316 734 1351 sub
753 1327 910 1352 vomere
930 1321 1065 1352 taurus
1221 1315 1299 1352 515

101 1366 293 1412 Concidit,
315 1374 353 1405 et
373 1369 543 1404 mixtum
563 1368 710 1416 spumis
732 1368 854 1404 vomit
874 1381 940 1405 ore
960 1381 1148 1415 eruorem,

100 1420 388 1470 Extremosque
407 1421 483 1458 ciet
502 1422 685 1470 gemitus.
742 1421 780 1458 It
800 1422 923 1458 tristis
943 1429 1085 1467 arator,

104 1475 341 1512 Moerentum
361 1474 576 1522 abjungens
595 1474 767 1511 fraterna
786 1482 909 1512 morte
933 1475 1160 1523 juvencum,

103 1527 240 1577 Atque
261 1541 376 1577 opere
396 1528 436 1564 in
456 1528 583 1565 medio
603 1529 734 1565 defixa
753 1529 938 1576 relinquit
958 1534 1096 1566 aratra.

100 1581 192 1618 Non
212 1583 357 1618 umbrae
378 1581 542 1618 altorum
557 1594 768 1625 nemorum,
783 1594 860 1618 non
876 1581 1006 1619 mollia
1025 1588 1187 1631 possunt
1222 1583 1302 1619 520

107 1635 227 1672 Prata
246 1647 402 1672 movere
422 1635 604 1679 animum,
627 1647 703 1670 non
723 1635 788 1682 qui
811 1647 879 1683 per
899 1648 993 1672 saxa
1013 1635 1169 1673 volutus

99 1687 242 1725 Purior
261 1689 402 1725 electro
423 1701 598 1736 eampum
620 1689 717 1737 petit
738 1689 886 1732 amnis3
915 1695 953 1725 at
973 1689 1051 1726 ima

104 1741 319 1779 Solvuntur
338 1742 470 1785 latera,
493 1749 610 1790 atque
630 1742 759 1779 oculos
780 1747 915 1791 stupor
935 1748 1076 1791 urguet
1096 1742 1254 1788 inertes,

105 1796 171 1832 Ad
193 1802 411 1844 terramque
431 1795 518 1831 fluit
538 1796 688 1832 devexo
709 1796 878 1844 pondere
898 1797 1047 1833 cervix.

105 1848 210 1895 Quid
229 1849 337 1885 labor
357 1854 424 1885 aut
443 1848 645 1886 benefacta
658 1848 831 1896 juvant?
880 1848 984 1895 Quid
1004 1862 1159 1886 vomere
1179 1856 1303 1886 terras

103 1902 318 1939 Invertisse
337 1901 505 1950 graves?
562 1902 688 1950 Atqui
709 1915 785 1940 non
809 1902 976 1940 Massica
995 1902 1140 1939 Bacchi
1224 1903 1303 1939 526

104 1955 282 2000 Munera,
304 1968 380 1992 non
402 1955 479 1992 illis
499 1954 621 2004 epulan
642 1968 807 1993 nocuere
827 1962 987 2004 repostae
1007 1969 1016 1991 ε

104 2009 325 2046 Frondibus
345 2014 382 2045 et
405 2010 509 2045 victu
532 2016 744 2057 pascuntur
765 2009 950 2057 simplicis
971 2009 1098 2045 herbae
1117 2023 1127 2052 ;

104 2062 250 2099 Pocula
269 2067 360 2099 sunt
379 2061 505 2099 fontes
525 2062 663 2110 liquidi
684 2069 799 2111 atque
819 2063 991 2100 exercita
1011 2075 1124 2099 cursu

104 2115 310 2159 Flumina;
340 2127 410 2153 nec
430 2128 582 2152 somnos
603 2117 798 2164 abrumpit
818 2128 909 2152 cura
930 2116 1113 2152 salubres.
1227 2116 1306 2153 530

105 2169 298 2216 Tempore
317 2181 394 2205 non
414 2168 489 2205 alio
509 2169 642 2206 dicunt
663 2170 885 2218 regionibus
905 2169 981 2205 illis

107 2221 298 2267 Quaesitas
319 2222 365 2258 ad
386 2234 493 2259 sacra
512 2223 630 2259 boves
649 2222 830 2267 Junonis,
852 2229 890 2259 et
911 2222 990 2259 uris

105 2275 327 2323 Imparibus
347 2275 481 2312 ductos
502 2275 579 2312 alta
599 2276 647 2312 ad
667 2275 827 2313 donaria
847 2288 997 2312 currus.

105 2328 213 2377 Ergo
234 2340 336 2377 aegre
357 2329 491 2366 rastris
513 2334 655 2366 terram
675 2329 877 2374 rimantur,
900 2336 938 2366 et
959 2329 1053 2378 ipsis

107 2381 319 2430 Unguibus
337 2382 534 2420 infodiunt
554 2382 699 2432 fruges,
720 2388 943 2430 montesque
965 2395 1032 2431 per
1051 2382 1148 2420 altos
1223 2381 1302 2418 535

108 2433 299 2472 Contenta
319 2437 468 2473 cervice
491 2435 648 2473 trahunt
670 2436 871 2474 stridentia
892 2436 1075 2484 plaustra.
