1493 2641
98 166 148 202 28
397 161 442 199 P.
475 160 722 200 VIRGILII
751 158 1014 198 MARONIS
1179 157 1292 210 [Lm.

151 270 223 315 Ac,
243 270 333 307 dum
354 269 477 317 prima
496 268 607 306 novis
627 267 808 308 adolescit
825 267 1026 304 frondibus
1047 271 1150 311 aetas,

97 324 339 361 Parcendum
359 323 520 366 teneris3
540 327 589 368 et,
611 322 700 358 dum
721 334 761 358 se
780 321 891 357 laetus
910 320 958 357 ad
978 332 1090 357 auras

97 377 251 415 Palmes
270 377 362 425 agit,
381 376 481 413 laxis
501 388 569 424 per
587 386 725 425 purum
744 375 937 411 immissus
956 373 1128 419 habenis,

97 430 188 480 Ipsa
208 430 289 468 acie
308 430 477 466 nondum
498 429 606 466 salcis
624 428 818 472 tentanda,
841 428 906 464 scd
927 427 1036 465 uncis
1213 427 1290 464 365

98 484 311 532 Carpendae
331 483 507 520 manibus
528 481 682 519 frondes
701 482 876 530 interque
896 481 1078 529 legendae.

97 537 196 574 Inde
215 538 282 574 ubi
304 536 387 585 jam
406 536 545 573 validis
565 536 754 584 amplexae
774 535 957 583 stirpibus
978 534 1098 570 ulmos

97 591 293 634 Exierint‚
315 597 396 627 tum
417 589 565 638 stringe
584 601 724 634 comas,
744 595 825 625 tum
845 587 1002 624 brachia
1021 587 1159 624 tonde:

97 644 206 681 Ante
220 643 473 682 reformidant
491 643 654 686 ferrum3
674 648 754 679 tum
775 642 938 689 denique
958 641 1053 678 dura

95 698 248 735 Exerce
267 697 441 745 imperia,
463 703 501 734 et
518 708 644 733 ramos
663 708 861 744 compesce
880 695 1058 732 fluentes.
1211 693 1290 732 370

153 751 351 788 Texendae
370 763 479 800 sepes
499 750 629 795 etiam,
648 754 686 786 et
707 761 822 798 pecus
842 761 955 785 omne
974 747 1201 791 tenendum3

95 805 297 854 Praecipue
316 805 406 841 dum
422 803 528 840 frons
547 809 682 840 tenera
699 803 998 851 imprudensque
1018 801 1191 838 laborum
1208 815 1217 844 ;

97 857 184 904 Cui,
204 870 317 906 super
335 858 516 906 indignas
534 857 680 894 hiemes
700 856 891 904 solemque
911 862 1118 904 potentem,

99 911 306 950 Silvestres
325 911 386 948 uri
406 911 564 948 adsidue
584 921 807 958 capreaeque
829 921 1008 957 sequaces

95 965 282 1010 Illudunt,
304 969 512 1013 pascuntur
531 976 623 1000 oves
642 961 1042 1010 avidaequejuveneae.
1212 960 1290 999 375

95 1018 259 1067 Frigora
278 1031 349 1055 nec
368 1024 519 1055 tantum
538 1029 633 1054 cana
652 1022 830 1053 concreta
849 1015 999 1064 pruina,

95 1069 178 1108 Aut
203 1072 336 1121 gravis
355 1072 580 1108 incumbens
600 1070 767 1119 scopulis
787 1068 983 1106 arentibus
1004 1073 1128 1114 aestas‚

96 1124 292 1171 Quantum
311 1125 368 1161 illi
388 1136 551 1162 nocuere
570 1136 709 1172 greges
729 1123 888 1171 durique
908 1133 1100 1159 venenum

94 1178 236 1216 Dentis
255 1185 293 1216 et
313 1179 488 1216 admorso
508 1178 660 1227 signata
679 1177 720 1212 in
740 1177 861 1225 stirpe
881 1175 1058 1213 cicatrix.

93 1232 186 1269 Non
206 1233 321 1270 aliam
340 1232 389 1269 ob
408 1232 560 1280 culpam
579 1230 735 1268 Baccho
755 1242 869 1278 caper
889 1229 1064 1266 omnibus
1080 1228 1157 1266 aris
1212 1229 1291 1265 380

95 1284 277 1331 Caeditur,
299 1291 337 1323 et
357 1290 507 1322 veteres
526 1285 663 1321 ineunt
682 1283 884 1332 proscenia
903 1282 997 1328 ludi,

93 1339 337 1387 Praemiaque
356 1338 525 1387 ingeniis
544 1350 663 1387 pagos
683 1343 722 1374 et
742 1337 911 1385 compita
931 1336 1076 1372 circum

95 1393 279 1430 Thesidae
299 1405 467 1441 posuere,
492 1397 605 1439 atque
624 1391 726 1427 inter
745 1390 882 1440 pocula
901 1389 979 1426 laeti

94 1446 281 1483 Mollibus
299 1447 341 1482 in
360 1445 482 1494 pratis
503 1450 638 1481 unctos
658 1444 806 1481 saluere
826 1456 895 1492 per
914 1448 1033 1480 utres.

94 1500 180 1537 Nec
198 1512 276 1537 non
298 1498 479 1543 Ausonii,
501 1497 621 1546 Troja
639 1510 735 1546 gens
756 1497 885 1541 missa,
905 1495 1031 1533 coloni
1213 1495 1290 1532 385

94 1553 285 1591 Versibus
304 1552 484 1589 incomtis
503 1551 643 1588 ludunt
662 1551 820 1599 risuque
841 1549 977 1594 soluto,

95 1606 253 1656 Oraque
272 1606 480 1644 corticibus
500 1609 659 1642 sumunt
678 1604 871 1641 horrenda
891 1602 1056 1645 cavatis3

93 1660 148 1698 Et
167 1666 218 1705 te,
238 1660 404 1704 Bacche,
426 1664 566 1696 vocant
585 1670 654 1706 per
673 1657 843 1695 carmina
862 1657 960 1701 laeta,
982 1656 1131 1704 tibique

95 1714 241 1752 Oscilla
260 1726 309 1751 ex
330 1713 408 1750 alta
427 1712 667 1761 suspendunt
686 1711 816 1748 mollia
835 1710 945 1758 pinu.

94 1768 201 1805 Hinc
220 1767 345 1804 omnis
364 1767 471 1815 largo
492 1765 666 1814 pubescit
687 1764 800 1801 vinea
819 1764 919 1807 fetu3
1215 1763 1294 1799 390

95 1821 351 1870 Complentur
370 1821 567 1868 vallesque
586 1829 691 1856 cavae
712 1819 908 1865 saltusque
928 1815 1123 1865 profundi,

93 1874 146 1912 Et
165 1886 409 1923 quocumque
428 1873 523 1910 deus
542 1872 687 1909 circum
703 1878 818 1920 caput
838 1871 919 1920 egit
938 1871 1157 1906 honestum.

94 1928 201 1977 Ergo
220 1928 292 1964 rite
315 1940 426 1965 suum
447 1926 601 1964 Baccho
621 1925 792 1962 dicemus
810 1924 997 1961 honorem

96 1981 344 2020 Carminibus
363 1980 511 2029 patriis,
531 1980 736 2026 lancesque
756 1984 795 2015 et
814 1978 893 2014 liba
913 1976 1092 2020 feremus,

91 2035 144 2073 Et
163 2035 302 2072 ductus
321 2046 439 2071 cornu
460 2033 579 2071 stabit
597 2044 705 2070 sacer
723 2032 855 2068 hircus
876 2030 924 2067 ad
943 2042 1062 2074 aram,
1210 2030 1287 2067 395

93 2088 339 2137 Pinguiaque
358 2087 399 2123 in
419 2087 577 2123 veribus
597 2085 828 2123 torrebimus
849 2088 940 2121 exta
960 2082 1143 2120 colurnis.

147 2142 222 2178 Est
240 2142 355 2178 etiam
376 2140 441 2177 ille
459 2140 567 2176 labor
587 2139 767 2176 curandis
789 2137 935 2174 vitibus
955 2136 1063 2180 alter,

96 2194 168 2234 Cui
198 2206 408 2242 numquam
437 2192 618 2231 exhausti
645 2193 739 2229 satis
765 2197 840 2236 est3
869 2202 1035 2239 namque
1063 2201 1175 2226 omne
1196 2202 1291 2238 quo-

254 2247 384 2284 tannis

95 2302 251 2350 Terque
270 2303 483 2349 quaterque
502 2299 625 2337 solum
646 2298 908 2342 scindendum,
930 2297 1120 2345 glebaque
1140 2296 1264 2334 versis

95 2356 309 2393 AEternum
327 2354 542 2403 frangenda
561 2353 801 2395 bidentibus3
820 2364 933 2389 omne
952 2351 1160 2388 levandum
1211 2351 1291 2386 400

94 2409 249 2447 Fronde
269 2420 403 2446 nemus
411 2422 421 2452 ;
441 2407 540 2445 redit
562 2406 739 2456 agricolis
759 2405 867 2443 labor
888 2410 995 2443 actus
1017 2405 1056 2441 in
1077 2404 1222 2449 orbem,
