1493 2641
108 170 160 206 42
407 168 451 206 P.
484 167 732 207 VIRGILII
760 167 1026 207 MARONIS
1189 168 1305 221 {Lm-0

114 274 246 314 Sicubi
267 288 407 324 magna
426 275 541 313 Jovis
560 276 719 324 antiquo
738 277 876 314 robore
895 287 1063 325 quercus

109 329 295 378 Ingentes
313 330 447 366 tendat
466 342 602 374 ramos,
623 336 690 367 aut
710 330 834 367 sicubi
854 330 1010 378 nigrum

107 382 269 420 Ilicibus
289 383 433 419 crebris
454 396 560 420 sacra
580 396 716 420 nemus
735 385 895 420 accubet
915 385 1070 427 umbra;

109 435 213 472 Tum
233 442 368 472 tenues
388 436 479 473 dare
498 448 634 473 rursus
655 449 784 485 aquas,
806 444 844 474 et
863 449 1020 486 pascere
1039 448 1176 473 rursus
1226 437 1310 473 335

112 488 211 527 Solis
232 489 280 526 ad
299 502 492 533 occasum3
515 502 603 526 cum
622 489 789 538 frigidus
808 492 896 527 aera
917 502 1054 538 vesper

110 542 330 591 Temperat,
352 550 390 578 et
410 543 529 580 saltus
549 543 674 580 reficit
694 541 775 590 jam
796 544 945 580 roscida
964 544 1068 587 luna,

107 595 290 644 Litoraqe
312 596 497 645 alcyonen
516 603 710 642 resonant,
731 597 973 634 acalanthida
992 596 1111 633 dumi.

163 648 267 695 Quid
286 650 357 686 tibi
379 656 549 697 pastores
569 649 716 699 Libyae,
739 651 833 699 quid
853 662 995 698 pascua
1015 661 1130 686 versu

106 702 337 751 Prosequar,
357 709 396 740 et
415 703 513 740 raris
533 703 707 740 habitata
726 705 890 752 mapalia
909 702 1045 740 tectis?
1226 702 1311 738 340

110 755 221 805 Saepe
243 756 343 793 diem
364 762 592 805 noctemque
612 763 650 793 et
669 762 793 793 totum
813 770 863 794 ex
883 757 1017 794 ordine
1037 767 1209 794 mensem

107 809 288 846 Pascitur
307 810 415 859 itque
435 822 552 858 pecus
569 810 686 859 longa
705 810 746 846 in
766 811 917 848 deserta
936 811 1018 847 sine
1038 809 1128 846 ullis

109 862 321 911 Hospitiis;
339 869 489 900 tantum
511 864 635 912 campi
659 863 780 911 jacet„
838 863 980 901 Omnia
1001 875 1132 900 secum

107 917 385 953 Armentarius
407 916 507 953 Afer
527 917 619 964 agit,
639 922 863 965 tectumque
884 916 1101 965 Laremque

109 970 309 1018 Armaque
321 970 640 1018 Amyclaeumque
653 982 787 1007 canem
798 970 1054 1018 Cressamque
1067 969 1287 1017 pharetram
1297 981 1311 1010 ς

109 1023 199 1060 Non
224 1036 332 1061 secus
352 1036 396 1060 ac
416 1023 553 1071 patriis
573 1035 661 1059 acer
684 1023 883 1060 Romanus
903 1023 943 1059 in
966 1023 1085 1059 armis
1229 1022 1311 1058 346

108 1076 260 1124 Injusto
281 1077 354 1113 sub
372 1076 474 1114 fasce
495 1077 599 1113 viam
619 1089 707 1113 cum
727 1077 861 1125 carpit,
883 1082 921 1113 et
940 1076 1043 1113 hosti

109 1137 217 1167 Ante
237 1136 503 1179 exspectatum
524 1130 659 1178 positis
679 1135 755 1167 stat
775 1131 814 1166 in
835 1130 989 1179 agmine
1008 1129 1158 1167 castris.

110 1184 168 1220 At
188 1196 276 1227 non,
297 1196 374 1232 qua
397 1183 568 1232 Scythiae
588 1189 724 1230 gentes
744 1182 978 1231 Maeotiaque
997 1183 1113 1227 unda,

110 1236 309 1273 Turbidus
330 1242 368 1273 et
387 1242 570 1285 torquens
589 1237 777 1274 flaventes
799 1237 936 1273 Hister
954 1247 1101 1279 arenas,
1230 1234 1313 1271 3501

111 1287 274 1338 Quaque
294 1290 394 1327 redit.
414 1291 582 1326 medium
605 1288 788 1338 Rhodope
807 1296 985 1338 porrecta
1005 1290 1076 1326 sub
1096 1300 1221 1326 axem.

107 1343 195 1381 Illic
215 1344 344 1381 clausa
363 1349 497 1380 tenent
516 1343 678 1380 stabulis
698 1349 881 1388 armenta,
903 1355 1028 1391 neque
1048 1341 1135 1378 ullae

108 1397 194 1434 Aut
215 1397 344 1434 herbae
365 1409 500 1445 campo
519 1402 717 1444 apparent,
740 1402 807 1433 aut
826 1398 962 1434 arbore
981 1395 1155 1432 frondes:

113 1451 189 1489 Sed
202 1450 308 1498 jacet
329 1451 536 1499 aggeribus
557 1450 682 1487 niveis
701 1450 878 1487 informis
898 1455 936 1487 et
955 1450 1032 1486 alto

111 1503 234 1542 Terra
254 1505 343 1553 gelu
364 1504 453 1549 late,
475 1510 697 1552 septemque
717 1503 893 1551 adsurgit
911 1503 952 1539 in
973 1502 1101 1545 ulnas3
1232 1500 1313 1537 355

115 1557 276 1607 Semper
293 1558 427 1602 hiems,
451 1569 601 1605 semper
621 1557 811 1605 spirantes
830 1557 975 1605 frigora
996 1554 1132 1593 Cauri.

113 1611 216 1648 Tum
240 1611 305 1648 Sol
326 1611 512 1660 pallentes
533 1610 635 1646 haud
655 1622 836 1659 umquam
858 1610 1017 1646 discutit
1038 1609 1209 1645 umbras:

112 1664 199 1702 Nec
219 1677 307 1702 cum
325 1665 504 1701 invectus
525 1663 633 1712 equis
653 1663 774 1700 altum
795 1663 891 1712 petit
912 1663 1067 1707 aethera,
1089 1673 1160 1698 nec
1179 1671 1268 1698 curn

110 1718 359 1767 Praecipitem
390 1717 535 1755 Oceani
555 1717 673 1754 rubro
693 1717 788 1753 lavit
808 1729 960 1765 aequore
980 1727 1152 1753 currum.

115 1771 380 1810 Concrescunt
401 1772 538 1808 subitae
557 1770 727 1807 currenti
748 1770 788 1806 in
809 1770 969 1807 flumine
989 1775 1141 1814 crustae,
1235 1767 1318 1804 360

112 1825 307 1874 Undaque
334 1824 417 1872 jam
444 1830 554 1873 tergo
573 1823 736 1860 ferratos
757 1824 920 1860 sustinet
940 1824 1064 1867 orbes,

112 1879 318 1928 Puppibus
338 1878 404 1915 illa
424 1878 544 1926 priuS,
565 1877 707 1926 patulis
722 1889 826 1913 nunc
845 1876 998 1925 hospita
1017 1874 1218 1924 plaustris:

115 1932 291 1981 AEraque
311 1932 506 1969 dissiliunt
526 1931 652 1979 volgO,
675 1937 880 1978 vestesque
899 1930 1098 1979 rigescunt

115 1986 280 2031 Indutae‚
301 1986 531 2034 caeduntque
551 1984 750 2021 securibus
769 1983 928 2020 humida
947 1983 1051 2027 vina,

115 2039 170 2077 Et
188 2045 277 2077 totae
299 2039 457 2076 solidam
477 2038 518 2074 in
537 2037 701 2086 glaciem
721 2043 874 2074 vertere
893 2037 1058 2079 lacunae3
1235 2032 1314 2070 365

120 2093 315 2141 Stiriaque
334 2091 502 2140 impexis
522 2090 698 2127 induruit
717 2090 873 2127 horrida
892 2089 1034 2126 barbis.

116 2147 272 2184 Interea
292 2151 373 2183 toto
392 2157 468 2182 non
491 2144 614 2181 secius
634 2150 722 2181 acre
742 2144 915 2192 ninguit;

116 2200 323 2237 Intercunt
343 2198 520 2247 pecudes,
543 2203 645 2234 stant
665 2196 899 2234 circumfusa
919 2195 1070 2245 pruinis

119 2253 292 2302 Corpora
311 2263 451 2301 magna
468 2252 597 2296 boum,
618 2249 868 2298 confertoque
888 2249 1041 2297 agmine
1061 2247 1166 2286 cervi

119 2307 293 2356 Torpent
313 2305 413 2343 mole
433 2316 544 2350 nova,
566 2310 604 2341 et
624 2303 783 2341 summis
804 2303 874 2341 vix
892 2302 1073 2340 cornibus
1092 2306 1262 2340 exstant.

121 2360 206 2398 Hos
227 2372 303 2397 non
324 2358 507 2396 immissis
526 2357 697 2402 canibus
719 2369 797 2394 non
817 2357 989 2395 cassibus
1008 2355 1109 2399 ullis,
1238 2351 1312 2393 371

119 2414 351 2451 Puniceaeve
371 2412 520 2460 agitant
541 2409 703 2462 pavidos
718 2409 923 2449 formidine
942 2410 1086 2461 pinnae:
