1508 2641
182 145 239 197 1.]
595 151 942 194 ouonercou.
1328 166 1371 203 13

181 253 379 301 Agricola,
401 260 440 292 et
458 255 588 306 fragili
600 257 684 306 jam
703 261 909 310 stringeret
930 263 1071 302 hordea
1090 267 1228 313 culmo,

183 305 323 344 Omnia
342 314 545 346 ventorum
564 323 791 351 concurrere
812 316 946 361 proelia
966 318 1057 362 vidi,

182 357 278 404 Quae
297 361 497 408 gravidam
518 363 593 400 late
614 372 783 413 segetem
803 370 851 404 ab
872 370 1064 408 radicibus
1083 372 1170 410 imis

181 410 388 450 Sublimem
409 416 608 463 expulsam
629 428 824 465 eruerent3
844 422 898 459 ita
918 425 1073 461 turbine
1093 426 1205 475 nigro
1292 431 1370 466 320

177 465 314 503 Ferret
332 466 454 505 hiems
474 469 718 520 culmumque
737 473 861 511 levem
882 476 1120 526 stipulasque
1140 481 1328 520 volantes.

179 516 285 567 Saepe
304 520 420 556 etiarn
439 522 669 568 immensum
688 527 785 563 coelo
804 529 914 565 venit
933 542 1071 578 agmen
1090 545 1292 581 aquarum,

175 570 227 607 Et
245 570 384 609 foedam
404 574 619 622 glomerant
638 583 904 627 tempestatem
924 583 1113 623 imbribus
1133 588 1226 625 atris

177 623 355 662 Collectae
373 639 424 663 ex
443 628 521 665 alto
540 631 679 674 nubes;
699 633 779 669 ruit
800 636 942 673 arduus
962 638 1093 683 aether,

173 676 225 713 Et
244 678 378 726 pluvia
396 679 547 729 ingenti
567 690 649 721 sata
669 685 757 723 laeta
776 687 966 736 boumque
985 691 1134 730 labores
1288 697 1364 733 325

172 729 316 774 Diluit3
336 732 547 781 implentur
566 736 686 783 fossae,
709 746 748 776 et
766 752 862 778 cava
880 742 1041 781 flumina
1060 754 1239 784 crescunt

172 781 273 820 Cum
293 785 432 831 sonitu,
453 786 655 838 fervetque
675 790 785 830 fretis
806 795 1042 843 spirantibus
1062 810 1205 847 aequor.

170 835 260 883 Ipse
275 837 393 875 Pater
411 841 538 878 media
556 843 775 882 nimborum
794 848 834 883 in
855 855 966 886 nocte
986 863 1145 890 corusca

169 887 350 928 Fulmina
369 893 527 931 molitur
546 896 699 934 dextra:
719 912 796 947 quo
815 913 997 940 maxuma
1014 910 1122 942 motu

170 942 294 980 Terra
312 946 455 990 tremit,
477 947 612 996 fugere
631 950 738 996 ferae,
754 959 791 989 et
810 956 987 993 mortalia
1006 959 1121 996 corda
1283 963 1362 999 330

168 995 246 1032 Per
263 1004 399 1045 gentes
417 999 582 1038 humiles
602 1005 741 1041 stravit
760 1019 896 1055 pavor:
917 1008 982 1045 ille
1001 1010 1182 1059 flagranti

168 1049 254 1085 Aut
273 1051 420 1095 Athon,
442 1059 509 1089 aut
529 1055 754 1105 Rhodopen,
777 1066 842 1096 aut
864 1061 941 1098 alta
962 1061 1156 1102 Ceraunia
1178 1065 1253 1103 telo

165 1100 310 1149 Dejicit
318 1117 328 1146 3
347 1104 588 1153 ingeminant
607 1111 730 1147 austri
749 1117 788 1148 et
806 1114 1056 1153 densissimus
1075 1118 1221 1163 imber3.

164 1153 205 1190 N
208 1167 283 1192 unc
301 1168 457 1194 nemora
476 1159 626 1208 ingenti
646 1169 775 1210 vento,
794 1178 898 1204 nunc
917 1168 1032 1206 litora
1049 1171 1250 1221 plangunt.

165 1206 253 1244 Hoc
277 1215 463 1256 metuens,
485 1213 569 1249 coeli
588 1227 738 1253 menses
757 1224 796 1254 et
815 1219 941 1258 sidera
960 1234 1089 1268 serva3
1278 1229 1356 1264 335

162 1258 323 1308 Frigida
344 1260 501 1301 Saturni
520 1278 602 1304 sese
622 1281 698 1316 quo
718 1271 828 1309 stella
847 1280 1030 1323 receptet,

164 1310 271 1358 Quos
289 1315 393 1362 ignis
412 1318 505 1354 coelo
527 1319 729 1369 Cyllenius
748 1330 849 1361 erret
868 1326 909 1362 in
929 1329 1052 1366 orbes.

159 1365 358 1413 Imprimis
378 1381 564 1410 venerare
584 1374 686 1419 deos,
707 1381 823 1424 atque
843 1391 974 1418 annua
992 1394 1142 1431 magnae

163 1416 279 1457 Sacra
296 1421 399 1458 refer
420 1422 566 1472 Cereri,
582 1426 679 1465 laetis
700 1436 879 1477 operatus
897 1433 937 1469 in
958 1434 1102 1482 herbis,

159 1471 358 1510 Extremae
377 1476 448 1512 sub
467 1489 598 1516 casum
616 1480 766 1527 hiemis,
779 1482 863 1531 jam
882 1498 974 1524 vere
993 1500 1143 1528 sereno.
1271 1496 1350 1532 340

160 1523 261 1562 Tum
280 1526 445 1576 pingues
464 1532 555 1579 agni
574 1538 614 1569 et
632 1539 715 1571 tum
734 1537 958 1577 mollissima
978 1541 1086 1586 vina;

159 1577 261 1615 Tum
281 1581 405 1617 somni
424 1583 555 1621 dulces
575 1586 779 1636 densaeque
797 1590 839 1626 in
858 1594 1054 1632 montibus
1081 1598 1242 1635 umbrae.

160 1629 310 1670 Cuncta
328 1633 400 1670 tibi
421 1634 603 1675 Cererem
623 1642 744 1687 pubes
763 1645 925 1691 agrestis
944 1648 1089 1695 adoret,

158 1682 235 1720 Cui
254 1689 296 1722 tu
315 1685 414 1724 lacte
433 1687 542 1727 favos
562 1697 600 1728 et
618 1694 704 1730 miti
724 1695 828 1733 dilue
847 1697 1016 1737 Baccho:

156 1734 306 1785 Terque
325 1751 444 1778 novas
464 1742 610 1781 circum
628 1745 724 1783 felix
744 1755 805 1786 eat
824 1750 950 1789 hostia
969 1752 1112 1804 fruges,
1268 1762 1345 1798 345

157 1788 294 1828 Omnis
314 1803 426 1839 quam
446 1795 585 1834 chorus
606 1804 644 1836 et
663 1801 756 1838 socii
776 1804 1009 1843 comitentur
1028 1815 1199 1856 ovantes,

155 1842 208 1879 Et
229 1841 415 1884 Cererem
434 1848 599 1888 clamore
619 1860 759 1891 vocent
777 1855 817 1891 in
838 1863 949 1896 tecta.
1007 1861 1142 1910 Neque
1162 1870 1251 1903 ante

153 1895 306 1934 Falcem
326 1902 487 1939 maturis
507 1904 706 1953 quisquam
727 1918 916 1958 supponat
936 1913 1074 1960 aristis,

155 1947 281 1994 Quam
302 1949 446 1999 Cereri,
466 1960 569 1993 torta
586 1959 789 1999 redimitus
809 1969 981 2014 tempora
1000 1979 1155 2015 quercu,

152 2000 231 2039 Det
249 2010 376 2042 motus
395 2007 679 2058 incompositos,
700 2020 738 2051 et
756 2018 927 2056 carmina
945 2020 1061 2058 dicat.
1265 2028 1344 2063 350

204 2055 334 2103 Atque
352 2059 433 2098 haec
453 2068 495 2098 ut
514 2064 629 2101 certis
648 2078 844 2114 possemus
862 2071 1010 2111 discere
1029 2075 1161 2124 signis,

151 2106 364 2157 AEstusque
383 2113 608 2164 pluviasque
627 2124 666 2156 et
685 2128 842 2169 agentes
867 2123 1014 2174 frigora
1032 2135 1180 2176 ventos,

150 2159 241 2208 Ipse
259 2161 378 2201 Pater
397 2169 545 2215 statuit,
564 2172 656 2218 quid
675 2181 872 2214 menstrua
892 2176 1001 2217 Luna
1018 2191 1208 2228 moneret;

151 2211 239 2258 Quo
258 2215 369 2264 signo
388 2220 567 2260 caderent
587 2228 725 2272 austri3
755 2230 847 2276 quid
866 2243 965 2281 saepe
985 2234 1160 2274 videntes

149 2266 345 2315 Agricolae
363 2273 521 2321 propius
539 2279 700 2317 stabulis
719 2289 894 2321 armenta
911 2291 1102 2325 tenerent.
1258 2293 1334 2330 355

148 2317 356 2367 Continuo,
378 2327 504 2364 ventis
523 2334 781 2381 surgentibus,
803 2343 869 2374 aut
888 2337 987 2376 freta
1012 2342 1120 2388 ponti

147 2371 347 2423 Incipiunt
364 2378 509 2426 agitata
528 2388 751 2433 tumescere,
772 2395 811 2426 et
830 2390 960 2429 aridus
980 2393 1067 2431 altis
