1493 2641
115 206 137 242 ’δ
407 204 452 241 Ρ.
482 202 731 242 VIRGILII
760 204 1027 244 MARONIS-
1191 204 1305 258 {Li-m

112 309 328 347 Luxuriem
349 316 523 359 segetum
542 316 677 348 tenera
695 311 867 361 depascit
885 312 925 349 in
945 312 1075 358 herba,

114 361 244 410 Quum
264 364 432 412 primum
453 364 578 402 sulcos
599 371 752 413 aequant
772 371 854 403 sata
873 364 890 402 ἓ
909 366 1051 414 quique
1069 365 1224 416 paludis

113 417 326 455 Collectum
347 418 549 455 humorem
568 419 700 456 bibula
715 419 870 456 deducit
885 432 1002 457 arena
1019 419 1035 456 Ρ

108 470 330 508 Praesertim
350 471 509 509 incertis
528 471 560 508 si
580 472 774 510 mensibus
793 472 916 510 amnis
935 473 1136 510 abundans
1228 474 1311 510 115

111 523 219 569 Exit,
242 531 278 561 et
298 525 464 562 obducto
483 525 559 562 late
578 531 683 563 tenet
703 526 831 563 omnia
849 526 941 563 limo
959 539 968 562 ε

109 577 227 615 Unde
247 589 351 615 cavae
373 579 503 627 tepido
523 579 662 616 sudant
681 580 840 616 humore
858 579 1018 616 lacunae.

163 631 247 668 Nec
267 638 407 677 tamen,
430 632 511 669 haec
531 644 618 669 cum
637 633 715 670 sint
735 633 1011 682 hominumque
1029 633 1223 682 boumque

218 685 369 722 labores

109 737 314 775 Versando
335 744 475 776 terram
498 739 662 788 experti,
683 739 782 776 nihil
802 739 1000 788 improbus
1017 751 1145 785 anser,

108 789 414 840 Strymoniaeque
432 804 560 841 grues,
583 798 620 829 et
640 793 782 830 amaris
802 793 938 829 intuba
959 793 1069 830 fibris
1228 793 1313 829 12o=

111 843 311 890 Officiunt,
332 851 400 882 aut
419 846 556 882 umbra
576 851 703 883 nocet.
759 844 874 883 Pater
892 846 974 895 ipse
993 846 1144 883 colendi

108 898 228 935 Haud
248 898 402 936 facilem
422 911 504 936 esse
525 899 628 936 viam
650 899 783 944 voluit,
805 900 1031 948 primusque
1050 913 1120 950 per
1138 905 1261 937 artem

108 952 239 989 Movit
258 964 382 1000 agrOS,
404 952 505 990 euris
526 965 666 990 acuens
688 954 864 990 mortalia
884 953 1010 998 corda,

108 1005 194 1042 Neo
214 1012 368 1054 torpere
388 1006 499 1055 gravi
521 1019 655 1055 passus
674 1019 743 1043 sua
763 1019 883 1055 regna
902 1013 1079 1043 veterno.

107 1056 215 1096 Ante
234 1059 377 1096 Jovem
398 1060 496 1096 nulli
515 1059 748 1108 subigebant
767 1072 861 1096 arva
880 1059 1006 1096 coloni
1026 1074 1037 1103 3
1230 1059 1309 1095 125.

106 1111 170 1149 Ne
191 1112 345 1161 signare
364 1113 522 1161 quidem
541 1119 608 1150 aut
628 1113 768 1161 partiri-
786 1113 909 1150 limite
929 1125 1108 1162 eampum

108 1165 187 1203 Fas
205 1172 288 1203 erat
308 1180 319 1209 ;
337 1166 377 1202 in
397 1167 565 1203 medium
587 1167 821 1215 quaerebant,
843 1167 1002 1215 ipsaque
1030 1166 1145 1203 tellus

109 1217 252 1256 Omnia
270 1219 443 1264 liberius,
465 1220 572 1256 nullo
591 1225 784 1268 poscente,
806 1219 972 1256 ferebat,

107 1272 181 1309 Ille
199 1273 341 1310 malum
362 1273 471 1309 virus
491 1273 739 1321 serpentibus
757 1273 906 1310 addidit
925 1273 1032 1318 atris,

106 1326 355 1374 Praedarique
374 1326 484 1374 lupos
496 1326 626 1374 jussit,
649 1333 888 1375 pontumque
914 1326 1061 1363 moveri
1080 1341 1093 1370 ς
1231 1326 1315 1362 13)οΡ

107 1377 303 1428 Mellaque
324 1380 491 1417 decussit
511 1379 614 1416 foliis
628 1407 637 1425 ,
659 1380 866 1428 ignemque
884 1380 1064 1426 removit,

106 1433 160 1470 Et
180 1433 321 1482 passim
341 1433 437 1470 rivis
458 1433 654 1470 currentia
675 1433 763 1470 vina
783 1433 966 1481 repressit
984 1447 994 1469 ε

108 1486 168 1524 Ut
190 1487 316 1523 varias
337 1499 428 1523 usus
449 1487 670 1523 meditando
689 1487 923 1523 extunderet
944 1492 1046 1523 artes

109 1539 329 1585 Paullatim,
352 1546 388 1576 et
409 1539 525 1577 sulcis
544 1539 728 1577 frumenti
748 1545 937 1588 quaereret
957 1539 1114 1576 herbam
1135 1554 1149 1583 ς

109 1592 168 1631 Ut
187 1594 306 1631 silicis
327 1593 435 1631 venis
453 1594 673 1631 abstrusum
693 1593 901 1630 excuderet
920 1593 1066 1642 ignem⁹
1232 1593 1314 1630 135

110 1647 224 1684 Tunc
243 1646 349 1685 alnos
369 1647 536 1696 primum
558 1646 670 1683 fluvii
691 1659 844 1684 sensere
870 1652 1036 1692 cavatas,

108 1700 257 1738 Navita
275 1707 359 1737 tum
379 1700 500 1737 stellis
521 1712 702 1737 numeros
722 1706 761 1737 et
779 1700 936 1737 nomina
954 1699 1058 1744 fecit,

108 1754 300 1798 Pleiadas,
324 1754 492 1803 Hyadas,
515 1753 734 1801 claramque
754 1753 946 1803 Lycaonis
973 1751 1137 1791 Arcton.

110 1807 213 1844 Tum
232 1807 381 1856 laqueis
400 1812 557 1856 captare
575 1806 677 1844 feras
697 1813 736 1844 et
755 1806 889 1844 fallere
912 1807 1017 1844 visco

109 1860 334 1906 Inventum,
355 1866 394 1898 et
411 1873 572 1909 magnos
592 1861 753 1897 canibus
773 1860 1011 1898 circumdare
1032 1859 1152 1897 saltus
1168 1871 1185 1906 3.
1228 1859 1314 1896 140-

109 1913 243 1964 Atque
263 1914 362 1951 alius
382 1914 502 1951 latum
521 1913 642 1951 funda
655 1913 738 1960 jam
759 1914 938 1951 verberat
959 1926 1111 1950 amnem

111 1968 209 2006 Alta
228 1974 373 2017 petens,
395 1967 607 2017 pelagoque
627 1967 725 2004 alius
745 1967 865 2004 trahit
884 1967 1045 2003 humida
1065 1967 1159 2003 lina.

165 2021 266 2058 Tum
286 2021 378 2058 ferri
398 2021 516 2070 rigor,
537 2026 652 2069 atque
671 2026 816 2068 argutae
837 2021 979 2057 lamina
998 2018 1147 2057 serrae?

110 2075 213 2112 Nam
236 2074 349 2124 primi
370 2074 502 2112 cuncis
522 2074 746 2111 scindebant
766 2074 882 2111 fissile
902 2074 1050 2122 lignum
1073 2088 1087 2117 ς

111 2129 213 2166 Tum
235 2128 352 2165 variae
374 2140 516 2165 venere
534 2133 637 2165 artes
660 2142 670 2171 ;
688 2128 797 2164 labor
816 2128 943 2164 omnia
964 2127 1059 2164 vicit
1234 2127 1313 2164 145

109 2182 317 2231 Improbus
337 2187 374 2219 et
395 2181 502 2218 duris
522 2193 693 2230 urguens
711 2182 752 2218 in
773 2182 888 2217 rebus
908 2186 1060 2229 egestas

109 2235 244 2272 Prima
265 2234 383 2272 Ceres
403 2235 507 2272 ferro
527 2235 708 2271 mortales
727 2240 879 2271 vertere
895 2240 1038 2270 terram

110 2288 303 2334 Instituit,
322 2300 409 2325 cum
422 2287 505 2335 jam
524 2288 686 2337 glandes
704 2294 819 2337 atque
839 2288 975 2324 arbuta
995 2298 1114 2324 sacrae

112 2341 331 2379 Deficercnt
350 2341 471 2387 silvae,
493 2348 530 2378 et
551 2342 696 2378 victum
719 2340 876 2378 Dodona
895 2348 1066 2393 negaret.

114 2394 211 2432 Mox
231 2402 269 2433 et
288 2395 492 2433 frumentis
513 2395 620 2432 labor
638 2395 805 2440 additus,
827 2400 870 2431 ut
889 2394 990 2431 mala
1009 2394 1162 2432 culmos.
1231 2393 1317 2431 151}

114 2449 227 2487 Esset
247 2449 392 2498 robigo,
414 2449 618 2498 segnisque
638 2449 812 2486 horreret
831 2448 871 2485 in
891 2447 1000 2486 arvis
