1508 2641
115 173 213 228 1v.]
531 174 878 214 GEORGICON.
1255 175 1302 212 61

113 281 276 332 Jamque
297 282 399 326 vale;
426 281 526 319 feror
544 282 693 331 ingenti
713 282 949 319 circumdata
969 286 1091 325 nocte,

116 336 387 384 Invalidasque
407 336 479 372 tibi
499 336 671 380 tendens,
693 335 785 372 heu!
816 348 891 372 non
911 342 988 378 tua,
1011 334 1165 382 palmas„

116 387 239 433 Dixit,
261 396 298 426 et
318 402 367 427 ex
387 389 507 426 oculis
527 389 655 425 subito
673 401 742 425 ceu
763 388 892 425 fumus
912 389 951 424 in
980 400 1092 424 auras

117 442 361 480 Commixtus
380 448 526 485 tenues,
548 441 649 490 fugit
668 443 838 484 diversa3
867 454 990 489 neque
1010 441 1130 484 illum,
1228 441 1307 476 500

114 496 367 534 Prensantem
388 496 647 543 nequidquam
663 497 829 535 umbras,
851 500 889 532 et
909 494 1027 531 multa
1049 494 1241 531 volentem

116 549 267 595 Dicere,
290 556 475 598 praeterea
496 549 611 592 vidit3
640 561 710 585 nec
730 549 894 596 portitor
916 547 1007 585 Orci

114 603 296 650 Amplius
316 601 503 650 objectam
524 615 657 650 passus
677 602 840 638 transire
861 601 1050 649 paludem.

115 654 216 700 Quid
236 655 401 693 faceret?
430 668 506 704 quo
526 668 576 700 se,
597 662 708 703 rapta
727 655 786 691 bis
809 654 983 703 conjuge,
1004 653 1146 690 ferret?

114 707 201 754 Quo
220 710 314 747 fletu
336 709 483 753 Manes,
503 721 579 756 qua
598 708 772 745 Numina
792 721 883 745 voce
899 707 1093 744 moveret?
1228 708 1304 744 505

113 762 188 800 Illa
206 763 362 811 quidem
384 761 520 810 Stygia
539 760 748 809 nabatjam
767 761 910 810 frigida
930 762 1077 809 cymba.

115 814 268 864 Septem
287 816 396 851 illum
417 821 517 852 totos
537 815 739 863 perhibent
760 828 808 851 ex
829 815 959 851 ordine
982 824 1133 850 menses

113 869 225 917 Rupe
239 870 311 906 sub
331 869 438 905 aeria
457 868 598 905 deserti
618 868 664 905 ad
683 866 899 917 Strymonis
919 868 1060 904 undam

112 922 299 967 Flevisse‚
319 930 357 958 et
376 922 513 969 gelidis
532 922 613 958 haec
633 922 822 958 evolvisse
842 922 912 957 sub
934 921 1066 965 antris,

114 975 350 1012 Mulcentem
370 976 502 1024 tigres,
519 981 557 1012 et
573 983 750 1023 agentem
770 975 939 1011 carmine
959 986 1138 1022 quereus:
1226 974 1305 1009 510

114 1027 249 1075 Qualis
270 1029 432 1077 populea
451 1041 614 1065 moerens
632 1028 845 1064 Philomela
865 1030 935 1064 sub
956 1028 1092 1064 umbra

113 1082 289 1119 Amissos
308 1082 484 1130 queritur
503 1081 617 1126 setus,
637 1094 732 1130 quos
752 1082 871 1117 durus
892 1086 1019 1117 arator

114 1134 335 1173 Observans
355 1135 446 1171 nido
468 1135 672 1183 implumes
687 1135 873 1171 detraxit:
903 1140 941 1170 at
962 1134 1027 1170 illa

112 1186 197 1225 Flet
216 1194 378 1232 noctem,
396 1200 576 1236 ramoque
598 1189 734 1224 sedens
754 1187 971 1224 miserabile
990 1198 1143 1224 carmen

111 1241 298 1290 Integrat‚
321 1247 359 1278 et
378 1242 523 1278 moestis
544 1241 619 1278 late
639 1242 720 1278 loca
740 1241 940 1289 questibus
963 1240 1109 1288 implet.
1228 1239 1304 1275 515

111 1295 232 1332 Nulla
251 1294 401 1339 Venus,
421 1307 496 1331 non
520 1294 585 1330 ulli
605 1295 776 1330 animum
797 1294 941 1330 flexere
962 1291 1179 1342 Hymenaei.

113 1346 223 1385 Solus
244 1346 516 1397 Hyperboreas
533 1347 675 1395 glacies
696 1347 937 1394 Tanaimque
963 1346 1142 1391 nivalem,

110 1401 298 1449 Arvaque
318 1401 490 1449 Rhipaeis
511 1413 718 1449 numquam
738 1400 897 1437 viduata
916 1400 1066 1448 pruinis

108 1454 328 1498 Lustrabat,
349 1460 498 1502 raptam
518 1454 740 1502 Eurydicen
761 1459 874 1500 atque
892 1453 1004 1490 irrita
1026 1452 1127 1488 Ditis

110 1508 222 1544 Dona
234 1519 414 1556 querens:
434 1514 571 1555 spretae
586 1507 772 1544 Ciconum
786 1519 862 1554 quo
875 1518 1035 1543 munere
1049 1512 1191 1542 matres
1221 1506 1299 1541 520

109 1560 220 1597 Inter
238 1573 346 1598 saera
365 1562 478 1597 deum
499 1561 755 1608 nocturnique
775 1560 884 1608 orgia
903 1559 1060 1603 Bacchi,

109 1611 354 1662 Discerptum
374 1614 471 1650 latos
484 1612 671 1661 juvenem
691 1625 864 1661 sparsere
885 1625 952 1660 per
972 1624 1098 1661 agros.

110 1667 213 1704 Tum
232 1679 396 1715 quoque,
417 1679 630 1703 marmorea
649 1672 763 1714 caput
783 1678 804 1702 a
823 1665 972 1702 cervice
993 1665 1185 1702 revolsum

111 1719 279 1769 Gurgite
297 1733 383 1757 cum
404 1720 528 1755 medio
548 1726 705 1768 portans
725 1718 911 1767 OEagrius
936 1718 1088 1755 Hebrus

109 1773 308 1818 Volveret,
331 1773 552 1821 Eurydicen
574 1785 651 1808 vox
670 1773 754 1821 ipsa
773 1778 808 1808 et
828 1772 970 1819 frigida
988 1772 1135 1820 lingua,
1223 1771 1300 1807 525

109 1827 176 1863 Ah
191 1828 368 1863 miseram
392 1825 630 1875 Eurydicen!
662 1826 788 1862 anima
808 1825 980 1874 fugiente
1005 1826 1182 1866 vocabat3

107 1879 329 1929 Eurydicen
346 1886 426 1916 toto
441 1879 660 1916 referebant
679 1878 837 1915 flumine
858 1879 960 1926 ripae.

164 1933 260 1970 Haec
279 1932 454 1969 Proteus:
484 1939 521 1968 et
542 1944 580 1968 se
598 1931 706 1979 jactu
730 1932 835 1968 dedit
854 1943 979 1978 {equor
1000 1931 1038 1966 in
1059 1930 1195 1971 altum;

110 1985 272 2034 Quaque
291 1986 407 2031 dedit,
429 1993 670 2034 spumantem
692 1985 830 2021 undam
853 1986 923 2021 sub
944 1984 1089 2020 vertice
1109 1983 1232 2020 torsit.

109 2039 167 2076 At
181 2052 256 2075 non
273 2039 441 2088 Cyrene3
471 2051 634 2086 namque
653 2038 752 2074 ultro
767 2037 894 2074 adfata
906 2037 1120 2074 timentem:
1223 2037 1302 2072 530

162 2092 277 2137 Nate,
297 2092 388 2129 licet
406 2092 536 2128 tristes
556 2092 683 2128 animo
703 2092 892 2140 deponere
909 2103 1032 2127 curas,

110 2144 206 2182 Haee
225 2145 349 2182 omnis
371 2145 493 2181 morbi
513 2157 643 2187 causa;
673 2145 763 2182 hinc
784 2144 998 2181 miserabile
1021 2143 1224 2192 Nymphte,

110 2197 211 2235 Cum
229 2198 370 2246 quibus
384 2198 449 2234 illa
466 2198 600 2235 choros
622 2198 717 2234 lucis
738 2198 908 2245 agitabat
926 2198 964 2232 in
986 2197 1084 2240 altis,

110 2251 288 2287 Exitium
310 2251 444 2288 misere
461 2251 608 2299 apibus.
668 2251 729 2287 Tu
750 2262 911 2287 munera
930 2250 1094 2298 supplex

109 2304 255 2348 Tende,
276 2310 410 2353 petens
428 2316 571 2352 pacem,
593 2310 630 2341 et
651 2303 782 2340 faciles
803 2315 985 2340 venerare
1005 2302 1181 2350 Napaeas.
1222 2302 1298 2338 535

108 2357 288 2406 Namque
307 2357 453 2393 dabunt
474 2357 624 2393 veniam
646 2357 758 2400 votis,
779 2358 931 2404 irasque
950 2355 1166 2392 remittent.

110 2409 197 2456 Sed,
219 2410 353 2447 modus
373 2409 505 2447 orandi
526 2409 592 2458 qui
614 2409 675 2456 sit,
695 2410 802 2458 prius
822 2409 955 2446 ordine
975 2408 1110 2444 dicam.
