1493 2641
163 146 216 183 22
464 156 508 195 P.
540 159 787 203 VIRGILII
817 169 1076 214 MARONIS
1240 180 1351 232 [Lm-

158 250 252 290 Fert
272 256 454 304 ebenum;
474 263 564 302 solis
585 274 641 304 est
662 275 769 309 turea
793 274 901 324 virga
924 278 1080 318 sabaeis.

158 303 261 350 Quid
283 309 352 345 tibi
373 313 530 353 odorato
550 319 712 358 referam
733 327 911 366 sudantia
931 331 1036 381 ligno

154 356 408 410 Balsamaque
427 374 465 403 et
485 370 617 409 baccas
636 386 786 425 semper
804 380 1019 422 frondentis
1039 390 1221 428 acanthi?

154 409 258 455 Quid
278 426 434 455 nemora
453 421 698 473 AEffliopum,
720 432 826 469 molli
847 439 1024 476 canentia
1043 441 1141 487 lana,
1270 448 1345 484 120

151 462 383 515 Velleraque
405 478 446 508 ut
465 473 567 513 foliis
587 479 790 525 depectant
810 489 941 526 tenuia
963 490 1106 531 Seres?

148 516 234 554 Aut
254 531 350 566 quos
372 522 526 564 Oceano
546 532 701 579 propior
720 538 821 583 gerit
843 540 955 579 India
974 544 1094 591 lucos,

145 567 323 609 Extremi
345 576 450 613 sinus
470 582 583 623 orbis,
606 586 671 621 ubi
693 595 783 626 aera
801 592 957 632 vincere
976 609 1168 638 summum

147 622 314 662 Arboris
335 627 437 666 haud
457 633 544 668 ullae
559 634 669 682 jactu
690 649 850 688 potuere
869 649 1020 695 sagittae
1041 651 1112 688 ?—

145 673 198 710 Et
217 689 312 725 gens
332 680 398 717 illu
418 685 571 730 quidem
593 693 730 730 sumtis
750 708 824 733 non
845 702 954 737 tarda
975 704 1238 750 pharetris.—-
1263 713 1335 749 125

144 726 275 766 Media
294 731 370 769 fert
390 737 519 775 tristes
538 753 670 781 succos
689 749 918 800 tardumque
938 767 1113 804 saporem

139 778 283 820 Felicis
307 787 415 831 mali3
435 801 511 837 quo
530 806 606 831 non
627 803 855 845 praesentius
877 806 1010 853 ullum,

138 831 286 873 Pocula
305 839 337 874 si
359 844 512 887 quando
533 858 647 885 saevae
668 851 837 893 infecere
857 870 1047 907 novercae,

136 938 344 979 Auxilium
365 948 485 994 venit,
505 963 549 988 ac
569 957 749 995 membris
769 962 850 1008 agit
871 970 953 1002 atra
973 979 1133 1008 venena.
1254 978 1330 1013 130

133 990 226 1039 Ipsa
245 995 384 1044 ingens
404 1002 515 1039 arbos
535 1005 748 1056 faciemque
768 1014 964 1055 simillima
986 1019 1113 1065 lauro3

134 1043 200 1090 Et,
220 1047 252 1083 si
272 1061 347 1085 non
369 1052 486 1091 alium
506 1057 582 1095 late
598 1058 765 1106 jactaret
784 1067 950 1116 odorem,

131 1096 284 1137 Laurus
304 1110 401 1148 erat;
422 1106 512 1145 folia
533 1111 636 1149 haud
658 1116 746 1155 ullis
766 1119 934 1160 labentia
955 1128 1098 1173 ventis3

132 1149 223 1188 Flos
243 1154 290 1190 ad
310 1157 434 1204 prima
453 1166 588 1207 tenax3
608 1168 755 1207 animas
775 1180 812 1208 et
832 1174 973 1214 olentia
995 1180 1100 1219 Medi

130 1200 208 1239 Ora
228 1205 363 1246 fovent
381 1211 457 1257 illo,
480 1222 517 1251 et
538 1220 695 1258 senibus
716 1226 956 1266 medicantur
971 1234 1131 1274 anhelis.
1247 1242 1319 1279 135

183 1256 257 1294 Sed
278 1272 400 1308 neque
422 1266 625 1307 Medorum
646 1274 754 1312 silvae
774 1279 962 1321 ditissima
987 1291 1103 1333 terra,

125 1307 209 1347 Nec
232 1313 392 1359 pulcher
413 1316 571 1369 Ganges
590 1330 703 1372 atque
723 1341 817 1367 auro
837 1337 1017 1375 turbidus
1041 1340 1210 1382 Hermus

123 1359 320 1404 Laudibus
342 1368 464 1406 Italiae
485 1383 632 1414 certent
654 1393 663 1422 3
685 1393 759 1418 non
782 1382 932 1434 Bactra,
953 1402 1078 1439 neque
1100 1395 1200 1442 Indi,

124 1413 298 1464 Totaque
319 1423 492 1462 turiferis
515 1427 708 1470 Panchaia
729 1436 887 1486 pinguis
905 1446 1047 1483 arenis.

122 1465 218 1506 Haec
237 1470 319 1509 loca
338 1487 414 1512 non
435 1481 536 1516 tauri
557 1485 747 1530 spirantes
768 1492 926 1530 naribus
946 1495 1074 1544 ignem
1244 1508 1317 1543 140

119 1519 322 1562 Invertere
343 1530 435 1566 satis
454 1531 633 1573 immanis
654 1539 833 1580 dentibus
854 1546 978 1594 hydri,

117 1573 201 1612 Nec
220 1578 340 1625 galeis
361 1582 565 1633 densisque
585 1590 710 1628 virum
733 1607 842 1644 seges
863 1599 1014 1640 horruit
1034 1605 1153 1645 hastis
1175 1624 1185 1653 ;

120 1626 194 1663 Sed
214 1633 387 1677 gravidae
405 1635 535 1687 fruges
558 1648 595 1678 et
617 1643 758 1684 Bacchi
781 1649 971 1692 Massicus
991 1658 1129 1696 humor

114 1679 331 1729 Implevere
348 1702 358 1730 3
378 1696 510 1728 tenent
530 1695 619 1731 olere
641 1709 888 1752 armentaque
909 1708 1006 1746 laeta.

115 1732 219 1771 Hinc
241 1737 400 1777 bellator
419 1755 538 1791 equus
558 1761 691 1799 campo
711 1766 791 1792 Sese
807 1759 950 1798 arduus
971 1763 1088 1802 infert
1107 1781 1118 1810 3
1233 1773 1305 1809 145

114 1785 218 1825 Hinc
238 1790 325 1836 albi,
351 1793 561 1843 Clitinnne,
580 1815 729 1851 greges,
751 1815 788 1845 et
809 1823 991 1853 maxuma
1010 1824 1146 1857 taurus

112 1838 296 1888 Victima,
317 1858 417 1895 saepe
437 1856 504 1888 tuo
524 1856 668 1901 perfusi
690 1860 849 1900 flumine
870 1879 990 1913 sacre,

112 1891 305 1934 Romanos
326 1901 372 1935 ad
394 1905 535 1952 templa
556 1908 667 1946 deum
691 1914 837 1953 duxere
858 1923 1088 1970 triumphos.

109 1942 185 1983 Hic
205 1960 272 1985 ver
291 1953 484 1993 assiduum
507 1965 620 2008 atque
641 1965 776 2004 alienis
797 1974 991 2011 mensibus
1012 1984 1123 2016 aestas
1144 1995 1155 2024 ;

107 1995 172 2035 Bis
191 2004 364 2048 gravidae
385 2012 557 2058 pecudes,
579 2015 637 2051 bis
659 2021 779 2065 pomis
801 2024 906 2062 utilis
933 2030 1058 2067 arbos.
1227 2037 1301 2074 150

106 2052 162 2087 At
183 2055 327 2092 rabidam
347 2060 465 2108 tigres
485 2067 622 2105 absunt
644 2078 681 2107 ct
701 2085 803 2111 saeva
823 2077 975 2117 leonum

106 2101 258 2144 Semina
280 2123 289 2147 z
310 2123 379 2149 nec
400 2116 557 2156 miseros
577 2121 716 2162 fallunt
736 2130 886 2168 aconita
905 2133 1077 2182 legentes
1098 2154 1108 2182 ;

102 2156 186 2194 Nec
207 2163 307 2208 rapit
327 2165 530 2206 immensos
550 2176 660 2212 orbes
681 2191 749 2226 per
769 2182 939 2230 humum,
963 2201 1084 2237 neque
1106 2199 1212 2232 tanto

104 2211 316 2258 Squameus
338 2218 375 2254 in
398 2223 538 2269 spiram
560 2233 683 2267 tractu
705 2245 744 2269 se
765 2236 912 2283 colligit
932 2244 1082 2289 anguis.
1104 2258 1108 2263 ’

100 2263 214 2302 Adde
236 2274 291 2304 tot
312 2275 486 2320 cgressias
508 2281 619 2318 urbes
641 2296 874 2337 operumque
895 2293 1074 2341 laborem,
1217 2304 1290 2340 155

99 2314 176 2352 Tot
195 2330 374 2369 congesta
397 2340 508 2367 mauu
530 2339 735 2385 praesuptis
755 2344 893 2390 oppidu
914 2349 1028 2394 saxis,

98 2367 354 2423 1⁴*luminaquc
375 2383 551 2430 antiquos
572 2390 872 2434 sul)t‹=rlul›‹›uti:1
897 2412 1037 2439 muros.
