1508 2641
135 157 238 210 111.]
551 155 897 195 enoaeiooN.
1278 158 1329 194 39

193 266 270 305 Sed
289 277 364 302 non
386 264 463 302 ulla
482 264 604 313 magis
624 264 726 300 vires
745 263 936 300 industria
955 263 1094 307 firmat,

139 319 264 366 Quam
284 318 475 356 Venerem
497 323 535 354 et
554 317 643 354 caeci
664 317 839 353 stimulos
860 322 1034 353 avertere
1055 315 1208 362 amoris,
1250 317 1329 352 210

140 374 233 411 Sive
251 374 364 410 boum
386 371 467 408 sive
487 377 544 408 est
564 371 626 407 cui
645 370 793 419 gratior
812 382 903 407 usus
923 382 1123 421 equorum.

136 427 271 474 Atque
290 426 376 462 ideo
394 430 524 460 tauros
543 424 677 472 procul
697 429 811 471 atque
831 423 872 459 in
890 423 970 460 sola
989 422 1162 471 relegant

137 480 287 516 Pascua
305 483 391 526 post
409 483 578 513 montem
598 477 815 525 oppositum
836 483 874 513 et
894 483 999 512 trans
1019 475 1294 519 fluminasslata3

137 531 221 569 Aut
242 532 345 568 intus
365 531 514 568 clausos
532 537 662 567 satura
682 531 729 566 ad
750 530 936 578 praesepia
956 536 1124 566 servant.

140 585 278 634 Carpit
296 585 400 622 enim
415 585 518 620 vires
538 583 737 634 paullatim
758 584 913 631 uritque
933 583 1099 619 videndo
1251 583 1329 618 215

138 639 317 681 Femina;
345 650 415 674 nec
434 649 632 673 nemorum
653 637 800 685 patitur
819 636 1049 681 meminisse,
1071 648 1141 673 nec
1160 636 1303 673 herbae.

137 692 330 731 Dulcibus
348 691 414 727 illa
432 690 588 738 quidem
608 690 800 727 illecebris
820 696 858 726 et
879 702 977 738 saepe
997 690 1182 738 superbos

139 744 328 782 Cornibus
347 745 449 780 inter
469 756 509 780 se
530 743 676 792 subigit
696 744 901 780 decernere
921 749 1102 779 amantes.

137 798 318 835 Pascitur
337 797 378 833 in
399 809 539 845 magna
559 795 639 833 Sila
657 796 823 833 formosa
838 795 1024 844 juvenca3

137 852 204 888 Illi
223 851 456 888 alternantes
476 850 597 886 multa
617 850 657 886 vi
675 850 811 898 proelia
830 850 993 886 miscent
1253 849 1332 884 220

139 904 375 942 Volneribus
397 903 542 940 crebris
550 917 560 946 3
583 903 680 940 lavit
700 910 782 939 ater
800 915 961 952 corpora
980 903 1150 951 sanguis,

139 958 341 1006 Versaque
360 957 402 992 in
422 957 586 993 obnixos
607 962 824 1004 urguentur
843 968 987 993 cornua
1007 962 1116 992 vasto

142 1011 242 1049 Cum
260 1010 425 1060 gemitu3
450 1010 610 1046 reboant
630 1010 812 1056 silvaeque
833 1016 870 1046 et
890 1009 1028 1058 longus
1049 1008 1250 1058 Olympus.

139 1064 174 1101 N
181 1077 223 1102 ec
243 1076 324 1101 mos
343 1063 528 1100 bellantes
549 1075 625 1099 una
645 1063 837 1099 stabulare
845 1077 855 1106 ;
884 1063 950 1099 sed
968 1063 1066 1099 alter

140 1118 281 1154 Victus
301 1117 392 1161 abit,
414 1117 603 1164 longeque
621 1116 766 1164 ignotis
785 1116 938 1153 exsulat
957 1116 1045 1160 oris,
1255 1117 1332 1152 225

141 1171 268 1207 Multa
286 1181 444 1217 gemens
463 1169 714 1217 ignominiam
735 1169 944 1217 plagasque
964 1168 1119 1217 superbi

140 1223 326 1268 Victoris,
346 1229 441 1266 tum,
463 1234 558 1270 quos
578 1222 706 1258 amisit
724 1222 884 1266 inultus,
905 1234 1064 1267 amoreS‚

140 1277 194 1314 Et
213 1276 362 1314 stabula
383 1275 609 1324 adspectans
628 1275 759 1324 regnis
778 1275 944 1312 excessit
964 1276 1092 1312 avitis.

141 1330 248 1378 Ergo
268 1329 372 1366 omni
392 1341 485 1365 cura
504 1329 608 1365 vires
628 1334 797 1372 exercet,
817 1335 855 1365 et
874 1328 977 1365 inter

141 1383 252 1419 Dura
264 1382 370 1430 jacet
388 1382 527 1430 pernix
546 1382 710 1418 instrato
729 1394 823 1418 saxa
842 1381 973 1426 cubili,
1255 1383 1335 1419 230

141 1436 362 1472 Frondibus
381 1435 541 1472 hirsutis
561 1441 599 1472 et
618 1435 742 1471 carice
762 1440 894 1483 pastus
912 1441 1023 1472 acuta
1031 1449 1041 1478 ;

143 1489 195 1526 Et
214 1494 338 1526 tentat
359 1500 452 1533 sese,
474 1494 588 1536 atque
606 1487 720 1525 irasci
740 1488 781 1523 in
801 1500 945 1524 cornua
964 1489 1088 1532 discit,

143 1540 307 1579 Arboris
324 1542 491 1578 obnixus
514 1548 664 1586 trunco,
685 1546 896 1589 ventosque
914 1542 1068 1579 lacessit

141 1595 301 1637 Ictibus,
322 1600 361 1632 et
380 1607 511 1643 sparsa
530 1595 577 1631 ad
597 1607 767 1642 pugnam
782 1594 953 1642 proludit
973 1607 1101 1632 arena.

142 1647 244 1693 Post,
266 1648 332 1684 ubi
353 1648 554 1685 collectum
574 1648 693 1684 robur
713 1648 891 1696 viresque
910 1648 1074 1693 refectae,
1256 1651 1334 1686 235

147 1700 267 1750 Signa
287 1707 426 1745 movet,
449 1713 693 1749 praecepsque
714 1701 875 1737 oblitum
895 1700 1019 1738 fertur
1038 1702 1078 1737 in
1099 1702 1263 1739 hostem:

144 1752 304 1791 Fluctus
327 1754 382 1790 uti
401 1754 527 1791 medio
547 1755 661 1802 coepit
681 1766 768 1790 cum
788 1754 980 1791 albescere
999 1761 1128 1803 ponto,

143 1808 317 1856 Longius
336 1820 387 1844 ex
407 1808 559 1856 altoque
578 1808 704 1843 sinum
724 1808 861 1851 trahit;
880 1814 1010 1855 utque,
1033 1809 1188 1846 volutus

145 1862 210 1898 Ad
229 1868 363 1904 terras,
384 1861 550 1897 immane
570 1867 679 1896 sonat
699 1873 766 1908 per
786 1873 890 1905 saxa,
911 1873 1037 1910 neque
1055 1862 1139 1910 ipso

146 1915 280 1951 Monte
299 1914 425 1950 minor
443 1913 679 1963 procumbit3
698 1920 737 1950 at
756 1914 833 1951 ima
851 1921 1038 1951 exaestuat
1058 1915 1161 1952 unda
1257 1917 1336 1953 240

145 1966 379 2012 Verticibus,
398 1969 625 2016 nigramque
644 1967 720 2004 alte
739 1967 929 2015 subjectat
949 1981 1115 2005 arenam.

200 2019 325 2058 Omne
344 2021 437 2058 adeo
455 2033 579 2070 genus
594 2021 634 2056 in
647 2021 760 2058 terriS
773 2022 1060 2070 hominumque,
1076 2022 1334 2071 ferarumque,

145 2074 197 2110 Et
217 2086 338 2122 genus
356 2086 584 2122 aequoreum,
606 2074 781 2122 pecudes,
802 2075 991 2123 pictaeque
1010 2076 1195 2120 volucres,

146 2126 195 2163 In
214 2127 335 2164 furias
354 2127 559 2176 ignemque
578 2134 715 2171 runnt;
735 2140 841 2164 amor
860 2129 1038 2165 omnibus
1056 2129 1174 2166 idem.

148 2179 340 2228 Tempore
358 2192 436 2216 non
455 2181 529 2218 alio
548 2181 762 2218 catulorum
782 2181 901 2218 oblita
919 2182 1042 2219 leaena
1256 2184 1334 2220 245

149 2230 293 2269 Saevior
312 2234 453 2270 erravit
471 2234 633 2282 campis;
653 2247 722 2272 nec
741 2236 878 2271 :lunera
899 2235 1015 2283 volgo

148 2286 246 2323 Tam
266 2286 387 2322 multa
405 2286 588 2324 informes
608 2288 688 2324 ursi
708 2294 952 2337 stragemque
971 2289 1111 2325 dedere

146 2339 225 2377 Per
244 2339 360 2376 silvas
368 2353 378 2383 3
397 2344 479 2376 tum
499 2352 623 2377 saevus
639 2353 744 2390 aper,
766 2348 848 2378 tum
869 2341 1034 2390 pessima
1052 2341 1179 2389 tigris.

148 2391 252 2430 Heu!
275 2393 371 2430 malc
391 2398 474 2430 tum
494 2392 628 2442 Libyae
648 2394 738 2431 solis
759 2400 908 2432 erratur
927 2394 967 2430 in
987 2395 1101 2443 agris.
