1493 2641
115 162 164 197 38
414 158 459 195 P.
492 158 740 196 VIRGILII
771 158 1034 197 MARONIS
1198 157 1309 210 [L1130

115 266 144 303 ὖ
151 277 250 315 unge
269 277 394 314 pares,
415 271 453 302 et
473 278 567 315 coge
585 267 748 314 gradum
768 265 943 304 conferre
957 265 1163 314 juvencos:

117 319 251 368 Atque
269 319 346 355 illis
360 317 443 366 jam
464 331 562 368 saepe
581 327 675 356 rotae
695 321 885 357 ducantur
904 320 1038 356 inanes
1237 317 1312 358 170

116 372 194 409 Per
214 379 369 416 terram,
391 379 430 409 et
450 385 597 410 summo
615 374 781 423 vestigia
800 374 961 422 pulvere
980 373 1152 422 signent3

117 426 213 463 Post
233 425 360 462 valido
379 426 506 463 nitens
526 427 597 463 sub
615 428 784 475 pondere
802 427 958 476 faginus
977 427 1063 464 axis

117 480 326 527 Instrepat,
349 484 388 515 et
411 478 570 526 junctos
590 486 692 517 temo
711 481 839 518 trahat
858 493 980 517 aereus
1000 481 1126 517 orbes.

118 533 274 569 Interea
293 532 387 580 pubi
406 533 604 569 indomitae
623 546 700 570 non
719 534 895 582 gramina
915 540 1078 577 tantum,

117 586 204 623 Nec
224 598 356 622 vescas
377 586 535 623 salicum
554 586 710 624 frondes
730 588 936 635 ulvamque
956 587 1177 636 palustrem,
1239 583 1312 624 175

122 640 198 677 Sed
217 639 411 676 frumenta
430 652 546 676 manu
566 653 699 688 carpes
719 648 812 678 sata.
869 641 954 677 Nec
973 640 1044 677 tibi
1064 640 1153 676 fetae

120 693 233 729 More
252 698 406 740 patrum
428 693 541 730 nivea
562 694 778 741 implebunt
797 694 1021 731 mulctraria
1041 705 1179 737 vaccae,

120 746 194 783 Sed
214 751 294 782 tota
313 745 354 781 in
375 746 504 783 dulces
527 754 753 784 consument
774 749 893 784 ubera
913 753 1037 785 natos.

174 799 243 837 Sin
264 799 312 835 ad
331 799 432 836 bella
451 801 574 849 magis
594 801 764 837 studium
784 808 1010 849 turmasque
1029 799 1186 845 feroces,

120 853 203 889 Aut
224 851 378 899 Alphea
397 854 492 890 rotis
513 854 671 902 praelabi
691 855 852 891 flumina
872 853 982 899 Pisae,
1240 853 1315 889 180

118 906 171 943 Et
191 905 307 943 Jovis
326 905 367 942 in
388 906 474 943 luco
493 920 630 944 currus
651 908 798 956 agitare
818 908 1009 944 volantes:

117 960 274 996 Primus
294 959 383 1007 equi
402 959 509 996 labor
528 967 586 997 est
605 962 753 998 animos
773 967 888 1009 atque
903 973 1009 997 arma
1029 961 1163 997 videre

117 1013 350 1056 Bellatum,
373 1013 566 1062 lituosque
584 1016 676 1062 pati,
699 1020 903 1062 tractuque
922 1021 1140 1062 gementem

117 1067 238 1104 Ferre
257 1071 392 1111 rotam,
415 1073 452 1104 et
473 1068 624 1104 stabulo
643 1067 773 1104 frenos
793 1068 927 1105 audire
947 1073 1143 1110 sonantes3

119 1120 222 1158 Tum
245 1120 366 1167 magis
385 1126 501 1168 atque
516 1121 638 1169 magis
654 1122 805 1158 blandis
820 1122 989 1170 gaudere
1004 1120 1180 1169 magistri
1240 1121 1314 1158 185

117 1173 329 1216 Laudibus,
351 1180 390 1210 et
409 1175 552 1223 plausae
572 1175 740 1211 sonitum
761 1175 924 1211 cervicis
945 1186 1085 1211 amare.

117 1226 252 1275 Atque
271 1226 352 1263 haec
366 1226 448 1274 jam
468 1228 603 1276 primo,
626 1228 808 1277 depulsus
829 1229 875 1265 ab
895 1229 1014 1265 ubere
1034 1227 1181 1272 matris,

121 1281 286 1324 Audeat,
306 1279 424 1329 inque
444 1283 568 1318 vicem
588 1282 652 1318 det
673 1281 851 1318 mollibus
872 1294 938 1318 ora
958 1281 1135 1329 capistris

118 1334 332 1378 InvaliduS,
354 1334 546 1383 etiamque
563 1341 742 1378 tremens,
764 1335 881 1372 etiam
901 1334 1047 1371 inscius
1067 1334 1153 1371 aevi.

119 1389 176 1424 At
195 1388 320 1425 tribus
341 1389 490 1425 exactis
511 1388 576 1425 ubi
597 1394 735 1436 quarta
754 1388 957 1425 accesserit
977 1393 1100 1432 aestas,
1242 1388 1317 1425 190

120 1441 290 1491 Carpere
311 1454 401 1478 mox
421 1454 561 1490 gyrum
581 1442 743 1489 incipiat
761 1442 1025 1490 gradibusque
1046 1453 1183 1478 sonare

120 1495 364 1544 Compositis,
382 1496 586 1543 sinuetque
606 1495 755 1532 alterna
774 1495 972 1531 volumina
992 1507 1161 1538 crurum,

122 1548 257 1598 Sitque
276 1549 467 1586 laboranti
482 1549 635 1591 similis3
654 1555 738 1584 tum
758 1549 934 1585 cursibus
954 1560 1078 1592 auras,

120 1602 223 1639 Tum
244 1609 366 1647 vocet,
388 1615 431 1639 ac
447 1615 515 1650 per
535 1608 667 1651 aperta
687 1602 836 1647 volans,
856 1614 925 1639 ceu
946 1602 1044 1638 liber
1064 1601 1236 1646 habenis,

119 1656 309 1705 AEquora,
332 1657 400 1692 vix
421 1668 570 1692 summa
589 1655 755 1704 vestigia
775 1661 893 1703 ponat
913 1667 1045 1692 arena:
1242 1655 1315 1691 195

121 1709 256 1756 Qualis
277 1709 542 1760 Hyperboreis
563 1708 708 1756 Aquilo
728 1721 816 1746 cum
836 1709 977 1746 densus
997 1709 1044 1745 ab
1064 1708 1142 1745 oris

120 1764 316 1809 Incubuit,
340 1762 584 1813 Scythiaeque
604 1763 748 1800 hiemes
768 1769 884 1811 atque
899 1762 1007 1800 arida
1026 1761 1156 1799 differt

118 1817 283 1855 Nubila:
308 1824 390 1854 tum
411 1824 560 1865 segetes
579 1816 665 1852 altae
685 1817 887 1865 campique
907 1821 1085 1853 natantes

118 1871 292 1908 Lenibus
312 1871 541 1907 horrescunt
562 1870 704 1913 flabris,
727 1881 963 1918 summaeque
980 1880 1157 1906 sonorem

120 1925 228 1962 Dant
247 1925 365 1969 silvae,
380 1924 563 1972 longique
584 1929 751 1972 urguent
771 1923 819 1959 ad
838 1923 952 1959 litora
970 1922 1129 1965 fluctus3
1239 1922 1317 1957 200

120 1978 194 2015 Ille
214 1978 328 2023 volat,
352 1977 467 2014 simul
486 1989 579 2013 arva
599 1976 702 2025 fuga,
725 1976 839 2013 simul
858 1988 1011 2024 {equora
1038 1987 1208 2012 verrens.

121 2030 198 2068 Hic
220 2031 282 2068 vel
301 2031 349 2068 ad
369 2031 455 2067 Elei
475 2036 596 2067 metas
617 2036 654 2066 et
673 2042 856 2066 maxuma
876 2029 1002 2077 campi

123 2083 284 2122 Sudabit
303 2084 438 2133 spatia,
463 2090 500 2120 et
520 2095 675 2132 spumas
695 2090 783 2132 aget
803 2095 868 2120 ore
888 2087 1084 2125 cruentas3

121 2137 278 2187 Belgica
297 2138 360 2174 vel
379 2137 484 2173 molli
504 2137 642 2174 melius
661 2136 759 2173 feret
779 2136 913 2174 esseda
931 2136 1040 2173 collo.

123 2192 225 2228 Tum
245 2192 399 2229 demum
419 2203 546 2228 crassa
564 2202 747 2239 magnum
767 2189 962 2238 farragine
982 2202 1121 2238 corpus
1239 2191 1316 2227 205

123 2244 319 2291 Crescere,
341 2243 424 2292 jam
449 2244 614 2287 domitis,
635 2244 769 2286 sinit03
789 2255 956 2291 namque
976 2249 1065 2280 ante
1085 2243 1316 2281 domandum

121 2298 307 2347 Ingentes
324 2298 460 2335 tollent
481 2298 639 2340 animo&
662 2297 867 2345 prensique
889 2298 1087 2345 negabunt

120 2351 298 2390 Verbera
316 2352 420 2389 lenta
440 2351 531 2400 pati,
553 2357 591 2389 et
610 2351 718 2388 duris
739 2363 873 2400 parere
892 2350 1049 2399 lupatis.
