1493 2641
140 165 188 201 {6
436 161 481 199 P.
513 160 761 200 VIRGILII
791 161 996 200 MARON
1001 161 1053 201 IS
1213 161 1327 215 ἰ’-[ΛΒ.

133 269 187 305 Et
205 282 290 318 quae
311 281 421 306 mane
441 268 572 314 refert,
592 274 631 305 et
650 281 735 316 quae
754 268 1003 318 surgentibus
1023 269 1148 307 astris.
1194 279 1199 284 “
1250 272 1329 308 440

133 322 206 359 Ille
227 323 292 360 ubi
313 327 533 359 nascentem
554 322 716 359 maculis
737 322 947 359 variaverit
967 329 1109 368 ortum,

131 374 326 413 Conditus
345 376 385 411 in
406 376 562 420 nubem,
583 375 784 423 medioque
803 375 992 423 refugerit
1012 377 1105 413 orbe
1126 389 1136 413 ι

133 428 314 478 Suspecti
334 428 404 466 tibi
424 429 503 466 sint
521 429 688 472 iinbres3
709 441 875 477 namque
895 436 1035 478 urguet
1055 430 1102 467 ab
1123 430 1201 467 alto

131 480 427 529 Arboribusque
447 483 617 530 satisque
637 481 767 519 Notus
785 482 990 531 pecorique
1011 483 1178 521 sinister.

131 534 216 573 Aut
236 536 302 572 ubi
323 537 394 572 sub
413 535 538 572 lucem
558 536 677 572 densa
696 536 799 572 inter
819 535 968 573 nubilia
988 549 1070 573 sese
1248 538 1325 574 445

131 587 289 626 Diversi
309 595 490 637 rumpent
511 589 624 632 radii,
645 595 710 625 aut
731 589 796 625 ubi
817 589 960 637 pallida
980 596 1114 639 surget-

132 642 295 679 Tithoni
314 654 490 679 croceum
510 642 687 688 linquens
707 642 865 679 Aurora
884 643 1010 680 cubile
1031 658 1042 687 ;

132 696 237 741 Heu,
257 696 356 733 male
375 702 458 732 turn
478 696 584 733 mitis
605 695 786 733 defendet
806 696 1012 744 pampinus
1033 709 1129 734 uvas

130 749 230 786 Tam
251 749 371 786 multa
390 749 431 785 in
451 749 563 786 tectis
582 749 776 797 crepitans
796 749 883 786 salit
903 750 1059 787 horrida
1077 750 1238 799 grando.

131 802 219 839 Hoc
239 803 366 847 etiam,
388 815 543 840 emenso
560 815 649 840 cum
664 802 748 850 jam
768 803 919 840 decedit
939 802 1118 852 Olympo,
1247 805 1327 841 450

129 855 329 893 Profuerit
349 856 569 893 meminisse
589 856 712 904 magis
732 870 740 899 3
760 869 850 892 nam
868 869 968 905 saepe
988 857 1167 894 videmus

131 908 263 958 Ipsius
282 909 323 945 in
343 909 456 946 vultu
478 909 605 946 varios
625 921 754 946 errare
773 910 919 947 colores
941 924 952 953 3

130 962 331 1000 Caeruleus
350 962 524 1011 pluviam
547 963 762 1007 denuntiat,
784 963 923 1011 igneus
943 963 1071 1000 Euros
1093 978 1103 1007 ;

132 1015 202 1054 Sin
220 1016 379 1053 maculae
398 1016 587 1064 incipient
605 1015 722 1053 rutilo
742 1016 995 1053 immiscerier
1013 1017 1109 1064 igni,

130 1068 274 1107 Omnia
292 1075 376 1106 tum
397 1069 543 1118 pariter
562 1075 681 1106 Vento
700 1069 921 1118 nimbisque
941 1070 1095 1107 videbis
1247 1071 1325 1108 455

129 1122 312 1160 Fervere.
370 1122 462 1159 Non
481 1122 548 1160 illa
566 1123 769 1172 quisquam
788 1135 850 1160 me
869 1129 982 1160 nocte
1001 1136 1070 1172 per
1098 1123 1219 1161 altum

129 1175 205 1221 Ire,
227 1187 351 1223 neque
371 1177 419 1213 ab
439 1181 543 1213 terra
562 1182 716 1213 moneat
735 1176 953 1213 convellere
972 1176 1120 1213 funem.

127 1228 185 1266 At
204 1229 251 1274 si,
269 1241 359 1267 cum
378 1228 596 1276 referetque
615 1230 729 1274 diem,
750 1229 968 1277 condetque
987 1230 1165 1275 relatum,

127 1283 299 1320 Lucidus
319 1283 423 1319 orbis
443 1282 528 1327 erit,
549 1281 694 1319 frustra
713 1283 908 1320 terrebere
928 1283 1083 1329 nimbis,

127 1337 181 1374 Et
200 1335 303 1374 claro
323 1336 439 1373 silvas
458 1347 592 1373 cernes
611 1335 789 1383 aquilone
809 1336 969 1373 moveri.
1247 1337 1327 1374 460

127 1388 316 1438 Denique,
338 1389 432 1438 quid
451 1401 589 1437 vesper
610 1400 719 1426 serus
738 1389 866 1433 vehat,
890 1389 991 1426 unde
1012 1401 1166 1426 serenas

127 1443 283 1480 Ventus
301 1447 388 1491 agat
407 1443 540 1486 nubes,
560 1442 655 1490 quid
674 1443 819 1491 cogitet
838 1442 1020 1480 humidus
1036 1442 1193 1488 Auster,

130 1496 198 1534 Sol
217 1496 290 1533 tibi
310 1496 421 1544 signa
441 1495 559 1532 dabit.
620 1494 747 1532 Solem
767 1495 854 1543 quis
874 1495 1004 1532 dicere
1023 1495 1167 1532 falsum

128 1549 284 1587 Audeat
300 1548 316 1586 P
343 1549 416 1585 Ille
437 1548 553 1585 etiam
571 1559 692 1586 coecos
710 1548 856 1585 instare
870 1548 1061 1585 tumultus

130 1602 241 1652 Saepe
255 1607 396 1648 monet,
416 1601 669 1649 fraudemque
684 1607 723 1639 et
738 1607 872 1650 operta
886 1607 1100 1639 tumescere
1112 1601 1224 1639 bella.
1247 1602 1325 1639 465

128 1656 202 1694 Ille
222 1656 340 1694 etiam
360 1655 554 1702 exstincto
574 1656 779 1692 miseratus
800 1654 952 1692 Caesare
973 1655 1149 1700 Romam,

128 1709 231 1747 Cum
250 1715 365 1759 caput
385 1709 549 1746 obscura
569 1708 736 1745 nitidum
756 1707 955 1757 ferrugine
975 1709 1088 1753 texit,

127 1763 332 1812 Impiaque
351 1767 534 1800 aeternam
554 1762 770 1799 timuerunt
789 1762 928 1799 saecula
947 1767 1112 1800 noctem.

131 1817 325 1865 Tempore
344 1827 575 1864 quamquam
595 1815 662 1852 illo
681 1815 796 1853 tellus
816 1826 968 1863 quoque
988 1821 1027 1853 et
1046 1826 1199 1862 aequora
1217 1813 1327 1863 ponti

130 1869 407 1917 Obscoenaeque
426 1881 539 1906 canes
558 1869 864 1917 importunaeque
884 1868 1059 1905 volucres
1249 1866 1328 1906 470

130 1923 250 1972 Signa
269 1923 427 1960 dabant.
485 1920 647 1968 Quoties
669 1921 885 1971 Cyclopum
904 1921 1091 1958 effervere
1110 1920 1151 1957 in
1170 1933 1282 1970 agros

129 1977 312 2013 Vidimus
334 1976 545 2013 undantem
564 1976 690 2024 ruptis
708 1975 930 2012 fornacibus
951 1974 1126 2019 AEtnam,

129 2030 470 2076 Flammarumque
487 2028 622 2080 globos
642 2028 922 2077 liquefactaque
943 2028 1101 2065 volvere
1119 2039 1214 2065 saxa
1234 2027 1243 2065 ἔ

130 2085 344 2121 Armorum
363 2082 533 2120 sonitum
553 2087 633 2119 toto
654 2080 862 2119 Germania
881 2081 977 2118 coelo

131 2137 272 2174 Audiit
290 2151 300 2180 3
320 2136 486 2173 insolitis
506 2141 750 2172 tremuerunt
767 2134 938 2172 motibus
957 2134 1093 2183 Alpes.
1248 2132 1325 2172 475

131 2190 224 2227 Vox
243 2201 393 2237 quoque
412 2201 482 2238 per
500 2188 606 2226 lucos
626 2188 744 2238 vulgo
763 2188 948 2225 exaudita
967 2187 1124 2225 silentes

132 2244 289 2293 Ingens,
311 2249 350 2280 et
369 2243 574 2280 simulacra
592 2242 716 2279 modis
736 2241 922 2290 pallentia
941 2241 1048 2278 miris

133 2297 230 2334 Visa
247 2297 318 2333 sub
339 2297 546 2333 obscurum
565 2295 701 2341 noctis,
723 2295 963 2344 pecudesque
982 2295 1120 2332 locutae
1139 2308 1151 2338 ;

133 2350 343 2388 Infandum
366 2349 373 2386 !
395 2350 539 2388 sistunt
557 2361 700 2394 amnes,
722 2354 911 2397 terraeque
929 2348 1146 2392 dehiscunt,

135 2404 188 2442 Et
207 2410 383 2442 maestum
402 2402 606 2441 illacrimat
626 2402 779 2451 templis
794 2403 901 2449 ebur,
918 2413 1068 2450 aeraque
1080 2401 1233 2439 sudant.
1249 2398 1328 2435 480
