1508 2641
194 176 274 229 11.]
610 173 958 214 GEORGICON.
1334 176 1386 217 27

196 285 381 322 Nondum
402 283 564 320 hiemem
585 281 775 330 contingit
794 282 913 330 equis,
924 282 1006 330 jam
1028 282 1199 330 praeterit
1218 289 1340 321 aestas.

196 338 280 376 Ver
300 338 393 375 adeo
412 336 538 373 frondi
558 347 768 379 nemorum,
791 348 858 372 ver
878 336 973 372 utile
992 336 1118 380 silvis3

195 391 301 429 Vere
320 395 471 427 tument
490 395 601 426 terrae
621 395 660 426 et
678 389 862 437 genitalia
881 389 1027 426 semina
1049 395 1228 437 poscunt.

197 445 300 481 Tum
319 450 428 492 pater
447 442 687 490 omnipotens
707 441 882 479 fecundis
900 442 1089 479 imbribus
1110 443 1253 482 AEther
1308 445 1385 481 325

197 497 384 546 Conjugis
403 497 444 532 in
462 495 652 544 gremium
672 495 768 531 laetae
789 495 997 540 descendit,
1019 502 1057 532 et
1076 509 1208 534 omnes

197 551 365 600 Magnus
385 549 464 594 alit,
486 561 625 597 magno
645 548 877 586 commixtus
897 561 1067 597 corpore,
1088 549 1206 588 fetus.

196 604 302 640 Avia
321 610 404 640 tum
423 607 603 639 resonant
623 602 760 639 avibus
780 602 952 650 virgulta
969 603 1133 647 canoris,

195 656 250 693 Et
268 657 460 694 Venerem
481 655 596 693 certis
615 661 796 702 repetunt
815 661 989 692 armenta
1009 656 1160 693 diebus:

194 709 371 747 Parturit
391 709 512 746 almus
531 721 634 757 ager,
656 708 903 757 Zephyrique
922 709 1143 757 tepentibus
1163 710 1268 747 auris
1311 712 1389 748 330

194 762 350 800 Laxant
369 775 462 800 arva
481 762 587 798 sinus
606 776 614 805 ;
634 768 790 810 superat
810 767 920 799 tener
941 763 1119 800 omnibus
1138 763 1292 800 humor:

194 816 321 863 Inque
340 828 460 852 novos
480 815 576 852 soles
596 815 739 851 audent
760 827 800 852 se
818 815 994 864 germina
1013 821 1098 852 tuto

196 868 381 912 Credere3
401 881 470 906 nec
492 868 631 905 metuit
654 874 856 917 surgentes
876 869 1082 917 pampinus
1102 869 1282 915 Austros,

196 923 282 960 Aut
301 929 428 960 actum
448 922 541 959 coelo
561 921 711 970 magnis
731 921 991 968 Aquilonibus
1009 922 1185 968 imbrem,

199 977 275 1012 Sed
293 976 416 1012 trudit
436 987 616 1023 gemmas,
639 981 677 1011 et
696 974 852 1011 frondes
872 976 1040 1023 explicat
1060 988 1204 1014 omnes.
1309 978 1391 1014 335

197 1029 289 1066 Non
310 1029 403 1066 alios
421 1029 545 1077 prima
564 1027 771 1065 crescentis
790 1028 943 1076 origine
962 1029 1097 1065 mundi

197 1083 379 1120 Illuxisse
399 1082 480 1118 dies
499 1082 667 1118 aliumve
687 1081 868 1118 habuisse
887 1087 1059 1119 tenorem

198 1135 456 1178 Crediderim3
477 1147 545 1171 ver
564 1134 660 1170 illud
680 1140 779 1178 erat3
804 1147 871 1171 ver
890 1147 1053 1183 magnus
1075 1137 1214 1184 agebat

198 1188 326 1234 Orbis,
347 1194 385 1225 et
404 1188 576 1224 hibernis
595 1188 804 1236 parcebant
823 1188 981 1225 flatibus
1001 1188 1111 1234 Euri,

197 1242 298 1280 Cum
318 1241 450 1290 primae
469 1241 594 1277 lucem
614 1241 781 1289 pecudes
801 1241 974 1286 hausere,
997 1242 1201 1290 virumque
1313 1245 1392 1280 340

199 1295 344 1332 Terrea
363 1294 567 1343 progenies
585 1294 692 1331 duris
711 1299 826 1342 caput
843 1295 997 1331 extudit
1017 1295 1134 1340 arvis,

198 1348 460 1395 Immissaeque
479 1347 570 1384 ferae
591 1347 699 1384 silvis
719 1353 757 1383 et
777 1347 903 1384 sidera
922 1348 1031 1384 coelo.

198 1401 284 1438 Nec
302 1414 364 1439 res
385 1401 487 1437 hunc
505 1406 648 1437 tenerae
669 1406 825 1449 possent
845 1400 1018 1448 perferre
1037 1401 1220 1448 laborem,

202 1454 245 1492 Si
264 1467 340 1491 non
359 1460 467 1491 tanta
486 1454 593 1501 quies
612 1454 686 1490 iret
705 1453 907 1501 frigusque
924 1453 1165 1502 caloremque

198 1507 318 1552 Inter,
339 1514 377 1544 et
398 1507 594 1555 exciperet
614 1506 697 1543 coeli
717 1507 962 1554 indulgentia
981 1514 1117 1544 terras.
1319 1511 1397 1547 345

254 1561 368 1606 Quod
383 1566 569 1609 superest,
585 1571 830 1608 quaecumque
843 1573 993 1607 premes
1008 1560 1177 1610 virgulta
1189 1574 1259 1610 per
1272 1574 1398 1612 agros,

202 1613 348 1662 Sparge
368 1615 458 1650 fimo
477 1614 622 1662 pingui,
645 1619 682 1650 et
702 1614 823 1650 multa
842 1626 988 1650 memor
1007 1615 1138 1652 occule
1152 1621 1273 1659 terra3

201 1669 286 1704 Aut
304 1667 470 1714 lapidem
489 1667 672 1710 bibulum,
695 1672 762 1703 aut
782 1666 995 1713 squalentes
1014 1667 1144 1704 infode
1163 1669 1346 1713 conchas;

200 1721 310 1757 Inter
329 1720 432 1757 enim
451 1720 629 1756 labentur
649 1731 765 1766 aquae,
787 1719 986 1767 tenuisque
1008 1721 1152 1757 subibit

201 1773 370 1818 Halitus,
386 1779 497 1820 atque
513 1773 660 1809 animos
672 1773 807 1810 tollent
823 1778 916 1810 sata.
965 1773 1132 1821 Jamque
1144 1775 1302 1823 reperti,
1319 1777 1398 1812 350

203 1825 279 1872 Qui
299 1838 393 1864 saxo
413 1838 527 1874 super
547 1831 658 1872 atque
678 1826 847 1874 ingentis
869 1826 1036 1873 pondere
1059 1833 1167 1864 testae

202 1880 443 1929 Urguerent3
464 1880 534 1916 hoc
554 1879 692 1916 effusos
714 1880 909 1916 munimen
931 1880 979 1916 ad
999 1880 1154 1924 imbres,

203 1933 301 1977 Hoc,
323 1934 389 1970 ubi
409 1933 537 1970 hiulca
557 1932 620 1968 siti
640 1932 752 1969 findit
772 1932 878 1970 canis
899 1932 1042 1970 aestifer
1062 1946 1168 1971 arva.

259 1985 478 2024 Seminibus
498 1986 645 2034 positis,
667 1994 840 2034 superest
861 1986 1041 2023 diducere
1061 1992 1205 2024 terram

206 2038 350 2088 Saepius
370 2040 418 2077 ad
439 2040 576 2087 capita,
598 2045 636 2075 et
656 2039 769 2076 duros
787 2039 935 2087 jactare
954 2040 1143 2085 bidentes,
1320 2043 1399 2079 355

205 2094 289 2128 Aut
307 2105 439 2141 presso
458 2105 639 2130 exercerc
661 2093 781 2129 solum
801 2094 871 2129 sub
892 2106 1045 2130 vomere
1065 2099 1104 2131 et
1123 2094 1207 2142 ipsa

206 2145 381 2183 Flectere
398 2145 588 2183 luctantes
606 2146 709 2183 inter
729 2146 860 2183 vineta
879 2145 1084 2194 juvencos:

207 2198 307 2234 Tum
325 2198 430 2236 leves
448 2199 612 2236 calamos
631 2206 670 2236 et
689 2211 783 2236 rasae
804 2199 958 2237 hastilia
977 2200 1098 2248 virgae

206 2251 492 2299 Fraxineasque
518 2258 648 2301 aptare
668 2253 779 2290 sudes
800 2252 1000 2300 furcasque.
1020 2253 1202 2298 valentes,

207 2304 368 2341 Viribus
387 2305 482 2341 eniti
501 2317 657 2353 quarum
677 2311 715 2343 et
734 2311 978 2343 contemnere
998 2312 1134 2344 ventos
1322 2309 1402 2345 360

207 2358 461 2403 Adsuescant,
483 2369 719 2406 summasque
738 2359 844 2407 sequi
864 2359 1035 2397 tabulata
1055 2372 1123 2410 per
1141 2358 1277 2397 ulmos.
