1508 2641
141 149 243 203 1ΙΙ.]
555 149 902 189 GEORGICON.
1283 153 1332 194 37

142 258 388 306 Invalidique
407 262 558 307 patrum
579 256 748 295 referant
762 256 912 306 jejunia
933 258 1029 295 nati.

142 312 233 359 Ipsa
254 318 381 348 autem
399 311 520 349 macie
539 316 700 348 tenuant
720 318 891 348 armenta
913 312 1097 356 volentes,

142 364 286 412 Atque,
309 366 373 401 ubi
393 364 619 403 concubitus
640 365 784 412 primos
809 364 893 413 jam
913 371 1004 402 nota
1023 366 1200 414 voluptas
1260 368 1334 403 130

145 418 345 462 Sollicitat,
366 417 598 466 frondesque
618 423 772 466 negant,
795 425 832 455 et
851 418 1022 455 fontibus
1042 426 1189 463 arcent3

145 471 255 520 Saepe
275 471 390 508 etiam
410 483 523 508 cursu
545 471 736 519 quatiunt,
758 477 795 508 et
815 472 894 508 sole
912 471 1090 520 fatigant,

143 523 242 562 Cum
262 524 434 573 graviter
453 524 576 561 tunsis
596 525 716 571 gemit
736 537 824 561 area
844 524 1034 573 frugibus,
1056 533 1094 563 et
1113 539 1200 563 cum

143 577 375 626 Surgentem
394 578 443 614 ad
463 577 683 627 Zephyrum
705 578 822 626 paleae
842 578 1042 626 jactantur
1061 580 1208 617 inanes.

141 630 229 668 Hoc
249 630 406 675 faciunt,
427 630 547 667 nimio
568 643 615 667 ne
635 631 729 667 luxu
752 632 924 668 obtusior
945 644 1036 669 usus
1257 633 1329 670 135

142 683 202 721 Sit
221 684 381 733 genitali
400 697 504 729 arvo,
526 689 563 720 et
583 684 708 721 sulcos
728 685 886 721 oblimet
906 685 1066 729 inertes3

143 736 218 774 Sed
239 738 362 786 rapiat
382 737 517 774 sitiens
536 736 730 774 Venerem
751 738 992 786 interiusque
1012 739 1206 776 recondat.

195 790 344 827 Rursus
364 803 455 828 cura
474 796 626 838 patrum
646 791 792 836 cadere,
813 797 851 828 et
872 792 1075 829 succedere
1094 798 1261 829 matrum

140 843 300 892 Incipit.
356 843 519 880 Exactis
537 844 708 892 gravidae
729 857 815 881 cum
834 846 1031 882 mensibus
1051 851 1198 888 errant3

139 896 230 933 Non
249 897 335 934 illas
351 897 537 945 gravibus
552 897 756 946 quisquam
769 898 866 947 juga
881 899 1020 936 ducere
1037 899 1230 947 plaustris,
1261 901 1331 937 140

139 949 230 987 Non
251 950 348 987 saltu
369 963 550 998 superare
571 951 672 987 viam
693 952 743 988 sit
763 964 906 999 passus,
928 959 966 988 et
985 953 1064 989 acri

140 1002 439 1051 Carpereprata
457 1003 562 1052 fuga,
581 1004 796 1052 fluviosque
816 1005 951 1042 innare
970 1018 1137 1054 rapaces.

142 1056 312 1094 Saltibus
332 1057 373 1092 in
393 1057 525 1094 vacuis
545 1064 703 1104 pascant
722 1064 759 1094 et
781 1059 892 1105 plena
913 1059 1123 1095 secundum

138 1110 335 1152 Flumina3
363 1122 517 1148 muscus
538 1111 603 1147 ubi
623 1117 661 1147 et
682 1111 915 1148 viridissima
932 1113 1108 1160 gramine
1126 1112 1222 1161 ripa,

140 1163 416 1211 Speluncaeque
435 1169 580 1211 tegant,
602 1170 640 1200 et
659 1176 775 1201 saxea
794 1166 980 1213 procubet
1001 1166 1149 1202 umbra.
1255 1167 1328 1203 145

137 1215 210 1253 Est
229 1216 334 1253 lucos
355 1214 468 1253 Silari
488 1216 590 1253 circa
610 1217 839 1266 ilicibusque
858 1218 1048 1255 virentem

136 1269 323 1306 Pluribus
343 1269 567 1306 Alburnum
589 1271 887 1315 volitans‚—cui
907 1284 1046 1308 nomen
1066 1272 1162 1309 asilo

136 1322 355 1359 Romanum
374 1328 443 1365 est,
464 1330 624 1360 oestrum
645 1322 757 1361 Graii
777 1330 928 1361 vertere
950 1331 1204 1369 vocantes3—

136 1374 276 1424 Asper,
299 1377 435 1413 acerba
455 1388 610 1420 sonans3
631 1389 706 1424 quo
726 1384 806 1414 tota
825 1378 1012 1415 exterrita
1031 1379 1140 1416 silvis

135 1428 361 1477 Diffugiunt
379 1436 567 1466 armenta:
588 1429 682 1467 furit
704 1431 916 1477 mugitibus
936 1432 1056 1468 aether
1254 1433 1328 1469 150

136 1481 357 1520 Ooucussus
376 1482 558 1531 silvaeque
578 1489 616 1520 et
636 1484 725 1521 sicci
746 1485 830 1531 ripa
851 1484 1035 1533 Tanagri.

135 1534 223 1572 Hoc
242 1536 434 1584 quondam
454 1542 624 1574 monstro
644 1537 848 1574 horribiles
868 1538 1043 1575 exercuit
1062 1538 1140 1576 iras

135 1588 305 1626 Inachiae
322 1589 431 1626 Juno
449 1596 595 1637 pestem
615 1591 799 1627 meditata
811 1590 1004 1638 juvencae.

135 1641 255 1679 Hunc
274 1655 569 1691 quoque—nam
589 1644 726 1681 mediis
746 1643 963 1680 fervoribus
983 1645 1107 1682 acrior
1126 1645 1300 1682 instat-

135 1692 301 1732 Arcebis
319 1696 481 1743 gravido
502 1697 640 1744 pecori,
663 1703 912 1746 armentaque
934 1710 1066 1745 pasces
1252 1700 1325 1736 155

138 1748 226 1785 Sole
246 1760 379 1786 recens
399 1755 494 1793 orto,
517 1755 583 1786 aut
602 1756 753 1787 noctem
773 1751 1002 1788 ducentibus
1023 1752 1147 1789 astris.

187 1802 282 1839 Post
301 1808 454 1851 partum
474 1815 566 1840 cura
584 1803 624 1840 in
645 1803 787 1842 vitulos
807 1805 1023 1841 traducitur
1042 1806 1183 1849 omnis3

136 1854 407 1903 Continuoque
426 1862 536 1893 notas
556 1862 594 1894 et
614 1857 767 1894 nomina
786 1858 914 1906 gentis
933 1858 1105 1904 inurunt,

134 1908 198 1954 Et,
219 1921 314 1958 quos
335 1914 401 1946 aut
420 1910 549 1958 pecori
569 1911 704 1948 malint
724 1911 949 1949 submittere
969 1912 1157 1957 habendo,

134 1960 218 1999 Aut
238 1962 315 2000 aris
335 1975 490 2000 servare
509 1976 644 2009 sacros,
665 1970 732 2001 aut
751 1964 926 2002 scindere
945 1972 1101 2011 terram,
1249 1967 1324 2004 160

133 2014 186 2052 Et
205 2028 381 2065 campum
402 2017 624 2054 horrentem
644 2017 775 2055 fractis
795 2018 990 2056 invertere
1010 2019 1145 2068 glebis.

135 2067 277 2106 Cetera
297 2075 507 2117 pascuntur
526 2071 671 2107 virides
687 2077 859 2108 armenta
879 2084 947 2120 per
965 2072 1116 2109 herbas.

135 2121 197 2158 Tu
217 2133 312 2169 quos
331 2123 379 2159 ad
399 2123 568 2161 studium
586 2131 700 2172 atque
722 2136 831 2162 usum
852 2124 1036 2163 formabis
1056 2132 1257 2174 agrestem,

132 2174 161 2212 J
164 2187 225 2211 am
245 2175 386 2213 vitulos
403 2176 572 2221 hortare,
590 2177 770 2227 viamque
789 2178 924 2215 insiste
943 2179 1133 2216 domandi.

133 2227 239 2265 Dum
259 2227 390 2266 faciles
409 2230 527 2266 animi
541 2230 746 2279 juvenum,
767 2232 858 2268 dum
879 2232 1030 2270 mobilis
1050 2240 1155 2271 aetas.
1249 2233 1321 2270 165

133 2279 193 2317 Ac
214 2281 380 2329 primum
400 2282 508 2320 laxos
527 2284 635 2321 tenui
655 2285 702 2321 de
721 2285 867 2322 vimine
886 2285 1022 2323 circlos

134 2334 289 2371 Cervici
309 2335 510 2379 subnecte3
529 2337 679 2382 dehinc,
701 2338 769 2375 ubi
788 2338 910 2376 libera
925 2338 1022 2376 colla

135 2386 305 2426 Servitio
325 2388 534 2435 adsuerint,
553 2389 647 2439 ipsis
667 2403 687 2428 e
708 2391 911 2440 torquibus
930 2397 1039 2440 aptos
