1493 2641
141 153 193 189 60
436 150 482 187 Ρ.
513 147 761 187 VIRGILII
791 146 1055 186 MARONIS
1227 146 1339 199 [LIB.

144 257 326 302 Suscitat,
348 261 386 294 et
405 263 516 304 rapta
537 255 709 305 graviter
729 268 799 304 pro
819 252 982 303 conjuge
1005 253 1130 290 saevit.
1261 255 1340 292 456

141 311 216 348 Illa
235 312 402 359 quidem,
423 310 514 346 dum
536 319 572 346 te
593 310 744 358 fugeret
766 321 833 357 per
853 309 1013 344 flumina
1033 318 1214 355 praeceps,

141 365 354 402 Immanem
377 370 465 400 ante
487 363 602 411 pedes
630 363 797 411 hydrum
819 362 1006 398 moritura
1025 361 1153 409 puella

145 418 374 455 Servantem
394 417 498 465 ripas
518 416 594 453 alta
616 428 692 452 non
713 416 814 451 vidit
835 416 875 451 in
896 416 1025 452 herba.

141 472 199 508 At
219 472 357 508 chorus
378 469 537 517 aequalis
558 469 758 518 Dryadum
780 469 945 506 clamore
965 479 1166 516 supremos
1261 467 1341 504 460

141 524 361 572 Implerunt
381 529 548 566 montes3
567 523 709 559 flerunt
730 522 966 570 Rhodope‘iae
987 533 1105 565 arces,

140 579 312 624 Altaque
332 577 513 625 Pangaea,
537 582 575 612 et
598 576 718 612 Rhesi
741 575 938 612 Mavortia
957 575 1083 618 tellus,

140 631 274 679 Atque
297 628 422 674 Getae,
444 636 559 677 atque
581 629 751 673 Hebrus,
773 635 811 666 et
831 630 970 665 Actias
992 627 1186 678 Orithyia.

140 684 244 731 Ipse,
265 696 360 720 cava
379 683 507 719 solans
527 694 675 731 aegruin
695 683 892 720 testudine
912 694 1093 725 amorem,

141 737 210 780 Te,
233 737 355 773 dulcis
373 736 528 784 conjux,
549 742 588 773 te
608 736 688 773 solo
707 735 748 771 in
768 736 881 772 litore
902 748 1046 780 secum,
1263 735 1340 771 465

142 790 201 827 Te
221 791 402 827 veniente
422 790 494 834 die,
517 795 555 826 te
575 789 782 826 decedente
804 790 977 826 canebat.

142 844 343 880 Taenarias
363 844 480 880 etiam
501 842 643 888 fauces,
665 843 740 879 alta
759 844 856 879 ostia
877 842 992 886 Ditis,

140 897 194 933 Et
214 897 444 945 caligantem
465 896 577 944 nigra
597 897 803 932 formidine
823 897 952 932 lucum

140 950 358 999 Ingressus,
381 950 595 997 Manesque
616 949 711 986 adiit
730 961 939 997 regemque
958 948 1213 991 tremendum,

140 1003 361 1052 Nesciaque
382 1003 559 1040 humanis
580 1003 757 1050 precibus
779 1014 1047 1039 mansuescere
1067 1001 1194 1038 corda.
1263 999 1344 1039 470

141 1057 199 1093 At
218 1064 333 1094 cantu
354 1063 551 1093 commotae
572 1056 690 1093 Erebi
712 1057 758 1092 de
775 1056 930 1092 sedibus
950 1055 1037 1092 imis

139 1110 301 1148 Umbrae
320 1111 428 1147 ibant
447 1116 582 1147 tenues
602 1110 882 1157 simulacraque
901 1109 985 1145 luce
1007 1114 1222 1145 carentum:

144 1162 269 1209 Quam
290 1164 412 1200 multa
431 1164 471 1199 in
495 1163 598 1200 foliis
618 1164 746 1200 avium
770 1176 809 1199 se
829 1163 950 1199 millia
970 1162 1154 1206 condunt,

140 1216 294 1266 Vesper
315 1217 381 1254 ubi
402 1223 468 1254 aut
488 1217 674 1253 hibernus
695 1217 775 1264 agit
795 1217 841 1252 de
861 1216 1058 1252 montibus
1077 1216 1216 1251 imber:

142 1269 302 1313 Matres,
324 1276 440 1318 atque
460 1270 547 1313 viri,
570 1270 827 1317 defunctaque
847 1282 1008 1317 corpora
1028 1269 1111 1305 vita
1265 1267 1341 1307 475

141 1323 439 1372 Magnanimum
459 1323 632 1363 heroum,
655 1324 776 1370 pueri.
796 1323 1047 1371 innuptaeque
1067 1321 1217 1370 puellae,

140 1377 399 1426 Impositique
419 1376 522 1425 rogis
539 1375 704 1424 juvenes
724 1383 813 1412 ante
833 1388 899 1412 ora
920 1382 1143 1424 parentum3

143 1430 252 1476 Quos
271 1431 417 1468 circum
436 1430 551 1467 limus
575 1430 687 1477 niger
707 1436 744 1466 et
764 1429 946 1465 deformis
967 1429 1115 1466 arundo

143 1484 293 1533 Cocyti,
315 1483 501 1531 tardaque
522 1483 631 1532 palus
651 1483 869 1519 inamabilis
891 1482 994 1519 unda

140 1538 304 1586 Alligat,
326 1543 365 1574 et
385 1537 519 1574 novies
544 1536 644 1584 Styx
663 1535 854 1572 interfusa
873 1540 1037 1573 coercet.
1263 1537 1343 1572 480

143 1590 250 1637 Quin
271 1591 366 1639 ipsae
386 1596 568 1638 stupuere
588 1590 723 1626 domus
745 1596 861 1638 atque
879 1589 1017 1626 intima
1036 1588 1124 1626 Leti

143 1645 320 1688 Tartara,
343 1643 616 1691 Caeruleosque
635 1643 814 1691 implexae
834 1643 1007 1680 crinibus
1027 1654 1172 1691 angues

140 1697 388 1742 Eumenides,
410 1697 612 1745 tenuitque
631 1697 786 1734 inhians
805 1697 881 1733 tria
902 1695 1096 1734 Cerberus
1115 1709 1193 1742 ora,

141 1752 278 1800 Atque
302 1751 450 1788 Ixionii
472 1758 587 1788 vento
607 1756 691 1787 rota
711 1750 885 1787 constitit-
905 1749 1021 1787 orbis.

141 1805 310 1853 Jamque
335 1805 470 1853 pedem
491 1803 663 1841 referens
682 1816 793 1841 casus
813 1810 989 1841 evaserat
1008 1815 1153 1847 omnes,
1264 1803 1342 1839 485

143 1859 386 1907 Redditaque
407 1857 604 1906 Eurydice
624 1870 781 1904 superas
801 1857 982 1894 veniebat
1003 1857 1051 1893 ad
1071 1868 1195 1901 auras,

141 1911 250 1949 Pone
261 1923 644 1960 sequens—namque
655 1911 752 1947 hane
762 1911 919 1947 dederat
929 1909 1158 1958 Proserpina
1166 1909 1346 1958 legem—

145 1965 245 2003 Cum
265 1966 393 2002 subita
412 1965 611 2001 incautum
632 1964 825 2000 dementia
844 1964 947 2012 cepit
968 1970 1172 2007 amantem,

143 2019 385 2067 Ignoscenda
404 2018 574 2066 quidem,
595 2017 737 2054 scirent
757 2017 788 2054 si
809 2017 1008 2065 ignoscere
1029 2016 1182 2053 Manes:

141 2072 318 2116 Restitit,
341 2071 642 2120 Eurydicenque
663 2083 770 2108 suam
793 2070 877 2118 jam
897 2070 982 2107 luce
1002 2070 1073 2106 sub
1092 2069 1190 2119 ip‹a,
1264 2070 1345 2106 490

142 2126 353 2162 Immemor
374 2125 447 2161 heu
466 2124 474 2161 Ξ
497 2124 700 2171 victusque
721 2124 851 2168 animi,
874 2123 1061 2172 respexit.
1118 2123 1180 2160 Ibi
1201 2123 1327 2160 omnis

143 2178 303 2215 Effusus
326 2178 443 2222 labor,
465 2184 582 2226 atque
601 2177 762 2214 immitis
783 2184 898 2226 rupta
918 2176 1075 2225 tyranni

143 2232 321 2276 Foedera,
340 2237 478 2280 terque
497 2230 629 2279 fragor
649 2231 799 2279 stagnis
821 2230 976 2268 auditus
997 2229 1182 2267 Avernis.

143 2285 228 2329 Illa,
248 2284 345 2330 Quis
360 2290 397 2322 et
410 2297 482 2328 me,
500 2284 641 2333 inquit,
656 2285 835 2321 miseram
851 2291 889 2321 et
902 2291 940 2321 te
960 2283 1141 2332 perdidit,
1159 2281 1343 2332 Orpheu?

146 2338 244 2384 Quis
263 2345 395 2376 tantus
414 2337 545 2375 furor?
602 2338 664 2374 En
685 2338 827 2375 iterum
848 2337 1018 2375 crudelia
1036 2343 1141 2374 retro
1261 2337 1339 2374 495

144 2391 242 2429 Fata
262 2398 413 2437 vocant,
435 2392 642 2440 conditque
663 2392 836 2428 natantia
855 2391 1002 2428 lumina
1021 2402 1188 2428 somnus.
