1508 2641
233 439 292 501 Ρ.
366 435 1332 531 VIRG11,11MAR.0NIS

503 613 1053 674 GEORGICA.

608 810 702 817 ἵκων-κ
715 812 719 813 ⁷
728 811 749 817 γη
758 811 899 819 ἿΜ««1»ν
910 810 967 817 W

367 959 523 997 LIBRI
552 960 718 998 PRIMI
746 959 1180 1000 ARGUMENTL‘M.

235 1060 258 1079 “
280 1058 481 1106 Gemyica,
501 1070 568 1094 seu
595 1058 642 1094 de
670 1071 711 1094 re
739 1058 882 1094 rustica
906 1064 1114 1107 praecepta,
1145 1060 1372 1108 arationem,

179 1110 373 1156 arborum,
403 1111 538 1147 vitium
565 1110 756 1159 imprimis
784 1116 821 1147 et
845 1110 1028 1156 olearum,
1059 1110 1264 1158 culturam,
1282 1126 1374 1164 pas-

178 1164 319 1200 tionem
347 1169 385 1200 et
407 1164 652 1213 mellificium,
673 1177 692 1200 e
710 1163 981 1200 Romanorum
1008 1165 1161 1201 notione
1187 1167 1373 1216 compleo:-

178 1223 328 1253 tuntur.
390 1216 572 1253 Ordinem
600 1217 847 1253 dicendorum
875 1217 982 1253 ducit
999 1219 1216 1267 propositio
1243 1226 1281 1256 et
1305 1233 1372 1257 ar-

173 1276 396 1317 yumentam
414 1271 540 1320 operis
559 1269 613 1320 (v.
638 1269 774 1319 1-5).
828 1269 928 1306 Inde
946 1269 1140 1307 invocatio
1168 1272 1374 1311 numinum

177 1324 386 1371 ayrestium
414 1335 500 1359 cum
528 1324 610 1373 ipso
645 1321 796 1359 Coesare
823 1325 1000 1371 Auyusto
1027 1323 1210 1373 (5-42).
1275 1325 1374 1364 Tum

177 1377 223 1413 de
250 1376 383 1426 prima
415 1377 541 1425 operis
573 1377 708 1412 rustici
731 1382 859 1424 parte,
893 1389 980 1425 quae
1014 1382 1069 1412 est
1103 1377 1150 1413 de
1186 1380 1370 1426 aratione,

176 1430 355 1479 emponz‘t:
383 1442 430 1465 ac
442 1430 616 1479 primum
636 1429 798 1477 quidem,
820 1430 978 1478 quando
991 1429 1063 1465 illa
1084 1430 1303 1480 incipienda
1323 1435 1375 1470 sit

175 1481 389 1532 (43—49).
444 1481 549 1518 Ante
566 1483 697 1519 omnia
718 1481 802 1518 eceli
826 1482 974 1531 solique
1001 1488 1148 1519 natura
1168 1490 1223 1520 est
1239 1484 1373 1534 explo-

174 1536 303 1572 rando
324 1535 534 1586 (50—63)‚
563 1535 665 1572 unde
693 1535 790 1583 leqes
822 1536 986 1572 cultura>
1009 1537 1170 1573 diversae
1188 1539 1371 1587 proficis-

174 1595 328 1635 cuntur,
349 1589 537 1639 imprimis
556 1589 746 1625 arationis
766 1588 964 1637 (64—99)
987 1595 1023 1625 et
1039 1591 1199 1626 sationis
1218 1591 1372 1640 (100—

178 1641 288 1692 117).
344 1642 472 1685 Quum
487 1643 525 1677 in
539 1641 598 1678 his
612 1641 774 1678 multum
790 1639 934 1678 laboris
949 1648 985 1678 et
997 1653 1180 1680 oerumnoe
1198 1643 1369 1682 toleran-

173 1695 266 1731 dum
283 1696 341 1740 sit,
363 1694 584 1743 diyreditzir
602 1695 657 1730 ad
672 1706 814 1730 causas
833 1694 947 1744 hujus
966 1696 1025 1731 rei
1042 1695 1228 1743 mythic-as
1241 1698 1330 1735 inde
1344 1712 1371 1736 a

178 1748 347 1785 Saturni
364 1754 475 1784 celate
497 1746 553 1797 [et
570 1748 734 1797 ewponit,
756 1747 942 1796 quomodo
967 1748 1245 1798 impedimentis
1263 1753 1370 1800 ayri-

172 1800 335 1838 eulturae
348 1807 439 1850 post
455 1812 615 1837 auream
634 1800 742 1837 illam
762 1806 906 1837 oeeatem
926 1800 1065 1838 obortis
1089 1805 1369 1842 occurrendum

172 1853 255 1905 sit.]
287 1853 550 1904 (118—159).
607 1853 703 1890 Inde
719 1854 765 1889 a'e
784 1855 1035 1891 instrumento
1054 1856 1196 1892 rustico
1216 1856 1369 1906 (160—

176 1907 269 1958 175)
283 1923 297 1951 ;
326 1913 406 1945 tum
425 1908 471 1944 de
489 1907 577 1943 aliis
596 1907 651 1943 ad
663 1919 757 1956 opus
778 1909 961 1944 rusticum
975 1908 1209 1955 faciendum
1223 1923 1368 1948 curan-

172 1961 241 2006 dis,
261 1960 304 1997 in
323 1959 381 1998 lzis
408 1961 454 1998 de
482 1973 578 1997 area
606 1961 658 1997 ad
684 1961 842 1996 terenda
859 1973 990 2009 9rana
1007 1963 1196 2011 paranda
1215 1962 1368 2013 (176—

176 2014 269 2064 186)
283 2029 298 2058 ;
316 2014 513 2066 judicium
540 2013 586 2050 de
599 2013 747 2063 futuro
773 2015 871 2050 anm·
895 2020 1087 2064 proventu
1106 2016 1208 2052 unde
1225 2017 1369 2064 facere

173 2066 286 2104 liceat
303 2067 554 2118 (187-192)
569 2082 583 2110 ;
611 2069 657 2104 de
676 2067 816 2103 semine
843 2068 1068 2104 medicando
1088 2067 1368 2120 (193—196),·

172 2120 219 2156 de
242 2121 427 2157 seminum
459 2120 603 2157 delecta
628 2120 819 2169 faciendo
844 2120 1108 2170 (197—203).
1182 2121 1368 2171 Sequitur

173 2173 277 2209 locus
288 2173 335 2209 de
353 2173 582 2223 temporibus
596 2185 754 2222 operum
770 2175 1002 2210 rusticorum
1013 2174 1151 2211 diserte
1164 2180 1365 2213 tractatus.

182 2225 345 2275 Tempus
363 2227 522 2263 sationis
542 2225 803 2277 (204-230).
861 2226 1060 2275 Diyressio
1080 2226 1123 2263 de
1141 2227 1230 2264 solis
1249 2241 1366 2265 cursu

172 2291 301 2315 annuo
320 2284 356 2314 et
373 2285 541 2328 quatuor
553 2280 651 2316 anni
661 2280 940 2330 tempestatibus
959 2280 1222 2329 (231—256).
1270 2280 1366 2324 Quae

172 2332 352 2368 curanda
371 2332 447 2369 sint
465 2338 630 2382 tempore
641 2333 780 2383 pluvio
800 2331 1052 2383 (257—267)
1065 2348 1078 2376 ;
1108 2332 1242 2370 diebus
1246 2334 1366 2380 sestis

172 2384 435 2435 (268—275).
493 2384 655 2423 Dierum
675 2386 888 2432 lunarium,
908 2386 977 2435 qui
982 2386 1117 2435 fausti
1129 2385 1190 2424 vel
1201 2387 1366 2433 infausti
