1508 2641
182 156 280 208 IV.]
594 155 942 195 GEORGICON.
1318 163 1368 199 53

183 263 243 301 Ac
263 263 384 301 veluti
403 263 518 301 lentis
539 262 727 313 Cyclopes
747 263 909 301 fulmina
928 264 1061 302 massis
1293 265 1369 305 170

184 317 282 355 Cum
303 323 521 366 properant,
544 317 608 353 alii
627 317 793 354 taurinis
813 317 969 355 follibus
989 330 1101 355 auras

181 369 395 420 Accipiunt
413 371 666 419 redduntque,
688 370 754 407 alii
774 371 975 408 stridentia
995 372 1179 420 tinguunt

182 423 283 460 AEra
310 424 413 468 lacu3
440 423 560 472 gemit
580 424 770 472 impositis
789 425 995 461 incudibus
1014 424 1155 468 AEtna;

181 476 247 513 Illi
266 477 368 514 inter
387 489 468 514 sese
487 489 626 525 magna
647 477 686 513 vi
705 477 862 514 brachia
881 478 1022 514 tollunt

180 529 229 566 In
249 543 462 575 numerum,
482 535 714 579 versantque
734 530 859 568 tenaci
878 530 1024 579 forcipe
1043 531 1208 576 ferrum3
1295 529 1367 570 175

182 583 273 620 Non
293 584 415 628 aliter,
437 584 468 621 si
488 596 609 633 parva
627 584 716 621 licet
736 596 962 633 componere
981 585 1143 633 magnis,

182 635 389 686 Cecropias
407 637 562 674 innatus
582 649 672 686 apes
691 649 798 674 amor
816 643 956 685 urguet
975 638 1153 683 habendi,

182 689 348 727 Munere
366 703 558 739 quamque
578 703 660 727 suo.
718 688 952 728 Grandaevis
970 691 1110 740 oppida
1128 703 1244 737 curae,

179 742 232 779 Et
252 744 403 780 munire
422 743 542 788 favos,
563 749 601 780 et
621 743 765 781 daedala
783 744 929 793 fingere
947 750 1049 781 tecta
1055 758 1067 788 3

181 794 238 833 At
257 795 366 834 fessae
386 797 508 834 multa
526 796 700 834 referunt
719 809 760 834 se
775 803 886 834 nocte
904 797 1082 843 minores,
1294 798 1369 835 180

181 849 306 887 Crura
324 850 458 899 thymo
479 850 619 899 plenae3
648 855 858 898 pascuntur
877 856 915 888 et
934 851 1072 888 arbuta
1091 850 1234 899 passim

179 902 234 939 Et
252 904 408 952 glaucas
428 904 562 941 salices
581 904 799 952 casiamque
819 916 1049 953 crocumque
1067 905 1270 942 rubentem

179 956 233 993 Et
252 957 435 1005 pinguem
455 957 578 994 tiliam
596 962 635 994 et
653 956 894 1004 ferrugineos
912 957 1153 1007 hyacinthos.

182 1008 373 1047 Omnibus
393 1022 469 1047 una
488 1011 596 1058 quies
615 1023 784 1059 operum,
805 1010 914 1047 labor
932 1011 1109 1048 omnibus
1129 1022 1243 1047 unus.

182 1063 301 1101 Mane
315 1068 435 1100 ruunt
449 1065 569 1112 portis
576 1078 586 1108 ς
632 1074 821 1111 nusquam
833 1076 956 1108 mora3
974 1076 1109 1101 rursus
1122 1064 1275 1101 easdem
1294 1064 1367 1101 185

180 1116 333 1165 Vesper
353 1116 418 1153 ubi
437 1129 458 1154 e
478 1122 591 1166 pastu
610 1117 767 1154 tandem
785 1117 969 1155 decedere
990 1117 1135 1165 campis

180 1169 411 1214 Admonuit,
429 1175 513 1207 tum
532 1175 634 1207 tecta
652 1175 800 1219 petunt,
821 1175 905 1207 tum
925 1182 1085 1219 corpora
1104 1175 1261 1214 curant3

179 1222 246 1259 Fit
265 1222 426 1267 sonitus,
447 1229 697 1272 mussantque
716 1235 802 1261 oras
821 1229 861 1261 et
878 1223 1013 1261 limina
1031 1223 1188 1260 circum.

179 1275 288 1322 Post,
309 1275 375 1313 ubi
389 1275 472 1323 jam
491 1276 670 1313 thalamis
688 1289 728 1314 se
747 1289 1006 1325 composuere,
1027 1276 1164 1314 siletur

179 1328 229 1366 In
248 1334 410 1374 noctem,
431 1329 628 1377 fessosque
647 1341 760 1378 sopor
779 1342 871 1367 suus
889 1335 1051 1379 occupat
1068 1335 1186 1367 artus.
1293 1329 1369 1367 190

179 1381 265 1419 Nec
285 1393 377 1419 vero
397 1395 418 1419 a
437 1383 609 1428 stabulis,
631 1383 765 1431 pluvia
783 1383 1041 1431 impendente,
1061 1383 1249 1420 recedunt

178 1435 365 1484 Longius,
386 1441 452 1472 aut
471 1436 634 1473 credunt
652 1436 759 1481 coelo,
781 1436 1079 1474 adventantibus
1098 1435 1235 1480 Euris3

182 1486 257 1525 Sed
275 1488 420 1525 circum
439 1494 533 1526 tutae
553 1490 624 1526 sub
643 1490 832 1526 moenibus
852 1490 960 1527 urbis
978 1495 1180 1539 aquantur,

179 1541 458 1591 Excursusque
478 1543 615 1580 breves
633 1548 797 1587 tentant,
819 1549 857 1580 et
877 1555 976 1591 saepe
995 1542 1160 1591 lapillos,

180 1594 240 1632 Ut
258 1596 405 1644 cymbae
423 1596 622 1633 instabiles
641 1596 761 1633 fluctu
775 1595 949 1645 jactante
969 1597 1179 1641 saburram,
1294 1595 1367 1633 195

180 1647 359 1692 Tollunt3
386 1649 447 1685 his
463 1661 543 1686 sese
562 1662 631 1697 per
649 1649 781 1686 inania
800 1649 933 1687 nubila
951 1649 1106 1686 librant.

178 1700 298 1738 Illum
318 1702 412 1738 adeo
431 1701 620 1751 placuisse
639 1702 776 1750 apibus
794 1703 985 1740 mirabere
1004 1714 1160 1748 morem,

182 1753 296 1800 Quod
314 1767 438 1803 neque
458 1755 665 1792 concubitu
683 1755 897 1804 indulgent,
919 1768 989 1793 nec
1008 1768 1168 1804 corpora
1187 1767 1323 1805 segnes

179 1807 228 1845 In
248 1807 442 1845 Venerem
461 1808 629 1854 solvunt,
648 1815 715 1846 aut
733 1808 835 1846 fetus
854 1809 1013 1846 nixibus
1032 1810 1150 1846 edunt
1157 1822 1168 1853 ;

180 1861 330 1898 Verum
349 1862 441 1910 ipsae
462 1874 482 1899 e
502 1861 604 1899 foliis
624 1869 734 1900 natos
753 1868 792 1900 et
811 1863 995 1900 suavibus
1014 1862 1144 1900 herbis
1288 1861 1368 1898 200

182 1914 260 1952 Ore
279 1914 425 1964 legunt,
446 1915 539 1964 ipsae
560 1928 690 1964 regem
709 1928 925 1965 parvosque
947 1915 1118 1962 Quirites

184 1967 400 2013 Sufficiunt,
422 1969 604 2018 aulasque
622 1975 660 2006 et
680 1982 789 2006 cerea
807 1982 927 2018 regna
944 1970 1152 2018 refingunt.

185 2020 295 2069 Saepe
315 2022 430 2058 etiam
450 2022 557 2059 duris
577 2023 740 2060 errando
759 2023 800 2059 in
819 2023 969 2060 cotibus
988 2023 1067 2060 alas

180 2074 403 2119 Adtrivere,
424 2075 602 2124 ultroque
622 2076 787 2114 animam
808 2077 879 2113 sub
898 2075 1001 2114 fasce
1020 2075 1175 2113 dedere:

182 2126 333 2165 Tantus
352 2140 458 2166 amor
471 2129 610 2166 florum
630 2134 669 2166 et
686 2129 896 2178 generandi
916 2129 1039 2178 gloria
1057 2129 1192 2166 mellis.
1288 2128 1368 2165 205

180 2179 287 2229 Ergo
304 2180 407 2229 ipsas
426 2183 601 2230 quamvis
621 2183 775 2232 angusti
795 2183 983 2220 terminus
1002 2182 1076 2219 aevi

181 2232 544 2282 Excipiat—neque
564 2236 666 2273 enim
686 2236 772 2285 plus
792 2236 954 2284 septima
974 2235 1130 2273 ducitur
1149 2240 1315 2272 aestas—

181 2284 238 2322 At
257 2298 381 2334 genus
400 2287 614 2326 immortale
632 2295 772 2334 manet,
792 2290 1009 2337 multosque
1027 2301 1096 2338 per
1114 2300 1236 2326 annos

184 2338 270 2376 Stat
289 2338 444 2377 fortuna
462 2341 607 2386 domus,
624 2349 662 2379 et
681 2343 745 2380 avi
765 2349 1016 2379 numerantur
1035 2353 1206 2379 avorum.

181 2390 370 2430 Praeterea
390 2405 520 2443 regem
539 2407 615 2432 non
636 2395 690 2433 sic
711 2395 909 2445 AEgyptus
929 2400 966 2432 et
986 2394 1124 2443 ingens
1291 2393 1370 2429 210
