<?xml version="1.0" encoding="UTF-8"?>
<!DOCTYPE html PUBLIC "-//W3C//DTD XHTML 1.0 Transitional//EN"
    "http://www.w3.org/TR/xhtml1/DTD/xhtml1-transitional.dtd">
<html xmlns="http://www.w3.org/1999/xhtml" xml:lang="en" lang="en">
 <head>
  <title>
</title>
<meta http-equiv="Content-Type" content="text/html;charset=utf-8" />
  <meta name='ocr-system' content='tesseract 3.04.00' />
  <meta name='ocr-capabilities' content='ocr_page ocr_carea ocr_par ocr_line ocrx_word'/>
</head>
<body>
  <div class='ocr_page' id='page_1' title='image "./georgica00virguoft_0030.png"; bbox 0 0 1493 2641; ppageno 0'>
   <div class='ocr_carea' id='block_1_1' title="bbox 170 138 1354 204">
    <p class='ocr_par' dir='ltr' id='par_1_1' title="bbox 170 138 1354 204">
     <span class='ocr_line' id='line_1_1' title="bbox 170 138 1354 204; baseline 0.017 -32"><span class='ocrx_word' id='word_1_1' title='bbox 170 138 220 173; x_wconf 72' lang='lat'>:24</span> <span class='ocrx_word' id='word_1_2' title='bbox 467 142 511 179; x_wconf 91' lang='lat' dir='ltr'>P.</span> <span class='ocrx_word' id='word_1_3' title='bbox 545 144 790 186; x_wconf 86' lang='lat' dir='ltr'>VIRGILII</span> <span class='ocrx_word' id='word_1_4' title='bbox 819 149 1081 190; x_wconf 86' lang='lat' dir='ltr'><strong>MARONIS</strong></span> <span class='ocrx_word' id='word_1_5' title='bbox 1245 152 1354 204; x_wconf 70' lang='lat' dir='ltr'>[Lm.</span> 
     </span>
    </p>
   </div>
   <div class='ocr_carea' id='block_1_2' title="bbox 129 240 1353 2418">
    <p class='ocr_par' dir='ltr' id='par_1_2' title="bbox 167 240 1095 307">
     <span class='ocr_line' id='line_1_2' title="bbox 167 240 1095 307; baseline 0.02 -30"><span class='ocrx_word' id='word_1_6' title='bbox 167 240 395 281; x_wconf 86' lang='lat' dir='ltr'>Pascentem</span> <span class='ocrx_word' id='word_1_7' title='bbox 416 247 550 286; x_wconf 89' lang='lat' dir='ltr'>niveos</span> <span class='ocrx_word' id='word_1_8' title='bbox 572 251 732 290; x_wconf 86' lang='lat' dir='ltr'>herboso</span> <span class='ocrx_word' id='word_1_9' title='bbox 751 255 909 293; x_wconf 90' lang='lat' dir='ltr'>flumine</span> <span class='ocrx_word' id='word_1_10' title='bbox 928 269 1067 307; x_wconf 79' lang='lat' dir='ltr'><strong>cycnos</strong></span> <span class='ocrx_word' id='word_1_11' title='bbox 1086 273 1095 301; x_wconf 84' lang='lat'>3</span> 
     </span>
    </p>

    <p class='ocr_par' dir='ltr' id='par_1_3' title="bbox 167 293 1353 358">
     <span class='ocr_line' id='line_1_3' title="bbox 167 293 1353 358; baseline 0.019 -29"><span class='ocrx_word' id='word_1_12' title='bbox 167 293 257 331; x_wconf 90' lang='lat' dir='ltr'>Non</span> <span class='ocrx_word' id='word_1_13' title='bbox 279 297 414 346; x_wconf 83' lang='lat' dir='ltr'>liquidi</span> <span class='ocrx_word' id='word_1_14' title='bbox 434 303 618 350; x_wconf 77' lang='lat' dir='ltr'>gregibus</span> <span class='ocrx_word' id='word_1_15' title='bbox 633 304 769 352; x_wconf 81' lang='lat' dir='ltr'>fontes,</span> <span class='ocrx_word' id='word_1_16' title='bbox 785 321 859 345; x_wconf 91' lang='lat' dir='ltr'>non</span> <span class='ocrx_word' id='word_1_17' title='bbox 875 312 1050 358; x_wconf 86' lang='lat' dir='ltr'>gramina</span> <span class='ocrx_word' id='word_1_18' title='bbox 1069 313 1231 349; x_wconf 87' lang='lat' dir='ltr'>deerunt</span> <span class='ocrx_word' id='word_1_19' title='bbox 1249 315 1353 356; x_wconf 77' lang='lat'>3200</span> 
     </span>
    </p>

    <p class='ocr_par' dir='ltr' id='par_1_4' title="bbox 166 345 1118 410">
     <span class='ocr_line' id='line_1_4' title="bbox 166 345 1118 410; baseline 0.023 -29"><span class='ocrx_word' id='word_1_20' title='bbox 166 345 229 392; x_wconf 86' lang='lat' dir='ltr'>Et,</span> <span class='ocrx_word' id='word_1_21' title='bbox 253 356 436 395; x_wconf 84' lang='lat' dir='ltr'>quantum</span> <span class='ocrx_word' id='word_1_22' title='bbox 458 353 581 402; x_wconf 85' lang='lat' dir='ltr'>longis</span> <span class='ocrx_word' id='word_1_23' title='bbox 601 368 760 407; x_wconf 80' lang='lat' dir='ltr'>carpent</span> <span class='ocrx_word' id='word_1_24' title='bbox 781 369 954 400; x_wconf 87' lang='lat' dir='ltr'>armenta</span> <span class='ocrx_word' id='word_1_25' title='bbox 973 365 1118 410; x_wconf 88' lang='lat' dir='ltr'>diebus,</span> 
     </span>
    </p>

    <p class='ocr_par' dir='ltr' id='par_1_5' title="bbox 166 397 1066 465">
     <span class='ocr_line' id='line_1_5' title="bbox 166 397 1066 465; baseline 0.021 -31"><span class='ocrx_word' id='word_1_26' title='bbox 166 397 324 449; x_wconf 82' lang='lat' dir='ltr'>Exigua</span> <span class='ocrx_word' id='word_1_27' title='bbox 343 409 492 442; x_wconf 86' lang='lat' dir='ltr'>tantum</span> <span class='ocrx_word' id='word_1_28' title='bbox 511 409 662 455; x_wconf 83' lang='lat' dir='ltr'>gelidus</span> <span class='ocrx_word' id='word_1_29' title='bbox 681 424 743 448; x_wconf 91' lang='lat' dir='ltr'>ros</span> <span class='ocrx_word' id='word_1_30' title='bbox 763 421 874 451; x_wconf 81' lang='lat' dir='ltr'>noete</span> <span class='ocrx_word' id='word_1_31' title='bbox 893 424 1066 465; x_wconf 81' lang='lat' dir='ltr'>reponet.</span> 
     </span>
    </p>

    <p class='ocr_par' dir='ltr' id='par_1_6' title="bbox 164 451 1170 516">
     <span class='ocr_line' id='line_1_6' title="bbox 164 451 1170 516; baseline 0.022 -29"><span class='ocrx_word' id='word_1_32' title='bbox 164 451 291 500; x_wconf 83' lang='lat' dir='ltr'>Nigra</span> <span class='ocrx_word' id='word_1_33' title='bbox 311 454 391 492; x_wconf 81' lang='lat' dir='ltr'>fere</span> <span class='ocrx_word' id='word_1_34' title='bbox 408 465 446 493; x_wconf 88' lang='lat' dir='ltr'>et</span> <span class='ocrx_word' id='word_1_35' title='bbox 466 471 596 506; x_wconf 86' lang='lat' dir='ltr'>presso</span> <span class='ocrx_word' id='word_1_36' title='bbox 616 463 771 511; x_wconf 84' lang='lat' dir='ltr'>pinguis</span> <span class='ocrx_word' id='word_1_37' title='bbox 792 468 862 503; x_wconf 89' lang='lat' dir='ltr'>sub</span> <span class='ocrx_word' id='word_1_38' title='bbox 885 481 1037 507; x_wconf 85' lang='lat' dir='ltr'>vomere</span> <span class='ocrx_word' id='word_1_39' title='bbox 1057 478 1170 516; x_wconf 84' lang='lat' dir='ltr'>terra,</span> 
     </span>
    </p>

    <p class='ocr_par' dir='ltr' id='par_1_7' title="bbox 165 504 1350 566">
     <span class='ocr_line' id='line_1_7' title="bbox 165 504 1350 566; baseline 0.021 -26"><span class='ocrx_word' id='word_1_40' title='bbox 165 504 218 541; x_wconf 78' lang='lat' dir='ltr'>Et</span> <span class='ocrx_word' id='word_1_41' title='bbox 237 507 301 542; x_wconf 91' lang='lat' dir='ltr'>cui</span> <span class='ocrx_word' id='word_1_42' title='bbox 323 516 434 552; x_wconf 84' lang='lat' dir='ltr'>putre</span> <span class='ocrx_word' id='word_1_43' title='bbox 454 512 795 564; x_wconf 78' lang='lat' dir='ltr'>solum——namque</span> <span class='ocrx_word' id='word_1_44' title='bbox 814 520 885 557; x_wconf 92' lang='lat' dir='ltr'>hoc</span> <span class='ocrx_word' id='word_1_45' title='bbox 905 522 1103 560; x_wconf 82' lang='lat' dir='ltr'><strong>imitamur</strong></span> <span class='ocrx_word' id='word_1_46' title='bbox 1136 525 1350 566; x_wconf 75' lang='lat' dir='ltr'>arando,—</span> 
     </span>
    </p>

    <p class='ocr_par' dir='ltr' id='par_1_8' title="bbox 164 555 1347 620">
     <span class='ocr_line' id='line_1_8' title="bbox 164 555 1347 620; baseline 0.021 -28"><span class='ocrx_word' id='word_1_47' title='bbox 164 555 334 605; x_wconf 86' lang='lat' dir='ltr'>Optuma</span> <span class='ocrx_word' id='word_1_48' title='bbox 353 560 557 601; x_wconf 87' lang='lat' dir='ltr'>frumentis</span> <span class='ocrx_word' id='word_1_49' title='bbox 577 580 587 608; x_wconf 86' lang='lat'><em>3</em></span> <span class='ocrx_word' id='word_1_50' title='bbox 609 579 683 604; x_wconf 90' lang='lat' dir='ltr'>non</span> <span class='ocrx_word' id='word_1_51' title='bbox 704 570 781 607; x_wconf 84' lang='lat' dir='ltr'>ullo</span> <span class='ocrx_word' id='word_1_52' title='bbox 801 583 851 609; x_wconf 80' lang='lat' dir='ltr'>ex</span> <span class='ocrx_word' id='word_1_53' title='bbox 870 586 1019 620; x_wconf 74' lang='lat' dir='ltr'>aequore</span> <span class='ocrx_word' id='word_1_54' title='bbox 1039 588 1171 614; x_wconf 88' lang='lat' dir='ltr'>cernes</span> <span class='ocrx_word' id='word_1_55' title='bbox 1272 580 1347 615; x_wconf 80' lang='lat'>205</span> 
     </span>
    </p>

    <p class='ocr_par' dir='ltr' id='par_1_9' title="bbox 162 608 1206 675">
     <span class='ocr_line' id='line_1_9' title="bbox 162 608 1206 675; baseline 0.022 -30"><span class='ocrx_word' id='word_1_56' title='bbox 162 608 278 648; x_wconf 87' lang='lat' dir='ltr'>Plura</span> <span class='ocrx_word' id='word_1_57' title='bbox 297 613 452 651; x_wconf 88' lang='lat' dir='ltr'>domum</span> <span class='ocrx_word' id='word_1_58' title='bbox 472 618 591 655; x_wconf 83' lang='lat' dir='ltr'>tardis</span> <span class='ocrx_word' id='word_1_59' title='bbox 611 620 794 659; x_wconf 82' lang='lat' dir='ltr'>decedere</span> <span class='ocrx_word' id='word_1_60' title='bbox 814 625 984 672; x_wconf 84' lang='lat' dir='ltr'>plaustra</span> <span class='ocrx_word' id='word_1_61' title='bbox 996 627 1178 675; x_wconf 89' lang='lat' dir='ltr'>juvencis</span> <span class='ocrx_word' id='word_1_62' title='bbox 1198 645 1206 668; x_wconf 92' lang='lat'>:</span> 
     </span>
    </p>

    <p class='ocr_par' dir='ltr' id='par_1_10' title="bbox 161 664 1001 725">
     <span class='ocr_line' id='line_1_10' title="bbox 161 664 1001 725; baseline 0.023 -27"><span class='ocrx_word' id='word_1_63' title='bbox 161 664 246 700; x_wconf 91' lang='lat' dir='ltr'>Aut</span> <span class='ocrx_word' id='word_1_64' title='bbox 268 666 369 703; x_wconf 88' lang='lat' dir='ltr'>unde</span> <span class='ocrx_word' id='word_1_65' title='bbox 388 667 509 706; x_wconf 84' lang='lat' dir='ltr'>iratus</span> <span class='ocrx_word' id='word_1_66' title='bbox 530 671 666 708; x_wconf 84' lang='lat' dir='ltr'>silvam</span> <span class='ocrx_word' id='word_1_67' title='bbox 686 675 844 713; x_wconf 84' lang='lat' dir='ltr'>devexit</span> <span class='ocrx_word' id='word_1_68' title='bbox 863 686 1001 725; x_wconf 84' lang='lat' dir='ltr'>arator,</span> 
     </span>
    </p>

    <p class='ocr_par' dir='ltr' id='par_1_11' title="bbox 161 715 1106 779">
     <span class='ocr_line' id='line_1_11' title="bbox 161 715 1106 779; baseline 0.022 -28"><span class='ocrx_word' id='word_1_69' title='bbox 161 715 214 752; x_wconf 82' lang='lat' dir='ltr'>Et</span> <span class='ocrx_word' id='word_1_70' title='bbox 233 729 390 756; x_wconf 87' lang='lat' dir='ltr'>nemora</span> <span class='ocrx_word' id='word_1_71' title='bbox 409 723 551 759; x_wconf 88' lang='lat' dir='ltr'>evertit</span> <span class='ocrx_word' id='word_1_72' title='bbox 571 725 710 763; x_wconf 88' lang='lat' dir='ltr'>multos</span> <span class='ocrx_word' id='word_1_73' title='bbox 729 728 871 776; x_wconf 79' lang='lat' dir='ltr'>ignava</span> <span class='ocrx_word' id='word_1_74' title='bbox 891 745 958 779; x_wconf 88' lang='lat' dir='ltr'>per</span> <span class='ocrx_word' id='word_1_75' title='bbox 977 746 1106 779; x_wconf 85' lang='lat' dir='ltr'>annos,</span> 
     </span>
    </p>

    <p class='ocr_par' dir='ltr' id='par_1_12' title="bbox 159 770 1154 834">
     <span class='ocr_line' id='line_1_12' title="bbox 159 770 1154 834; baseline 0.022 -30"><span class='ocrx_word' id='word_1_76' title='bbox 159 770 435 819; x_wconf 81' lang='lat' dir='ltr'>Antiquasque</span> <span class='ocrx_word' id='word_1_77' title='bbox 455 775 586 813; x_wconf 88' lang='lat' dir='ltr'>domos</span> <span class='ocrx_word' id='word_1_78' title='bbox 606 779 735 816; x_wconf 86' lang='lat' dir='ltr'>avium</span> <span class='ocrx_word' id='word_1_79' title='bbox 756 794 843 819; x_wconf 87' lang='lat' dir='ltr'>cum</span> <span class='ocrx_word' id='word_1_80' title='bbox 862 786 1047 834; x_wconf 84' lang='lat' dir='ltr'>stirpibus</span> <span class='ocrx_word' id='word_1_81' title='bbox 1066 788 1154 825; x_wconf 83' lang='lat' dir='ltr'>imis</span> 
     </span>
    </p>

    <p class='ocr_par' dir='ltr' id='par_1_13' title="bbox 158 822 1350 883">
     <span class='ocr_line' id='line_1_13' title="bbox 158 822 1350 883; baseline 0.02 -26"><span class='ocrx_word' id='word_1_82' title='bbox 158 822 296 860; x_wconf 84' lang='lat' dir='ltr'>Eruit:</span> <span class='ocrx_word' id='word_1_83' title='bbox 327 825 401 862; x_wconf 78' lang='lat' dir='ltr'>illae</span> <span class='ocrx_word' id='word_1_84' title='bbox 422 827 543 864; x_wconf 81' lang='lat' dir='ltr'>altum</span> <span class='ocrx_word' id='word_1_85' title='bbox 563 830 665 868; x_wconf 85' lang='lat' dir='ltr'>nidis</span> <span class='ocrx_word' id='word_1_86' title='bbox 685 834 831 881; x_wconf 80' lang='lat' dir='ltr'>petiere</span> <span class='ocrx_word' id='word_1_87' title='bbox 849 838 1018 883; x_wconf 82' lang='lat' dir='ltr'>relictis3</span> <span class='ocrx_word' id='word_1_88' title='bbox 1271 845 1350 881; x_wconf 85' lang='lat'>210</span> 
     </span>
    </p>

    <p class='ocr_par' dir='ltr' id='par_1_14' title="bbox 159 877 1052 940">
     <span class='ocr_line' id='line_1_14' title="bbox 159 877 1052 940; baseline 0.02 -29"><span class='ocrx_word' id='word_1_89' title='bbox 159 877 218 912; x_wconf 91' lang='lat' dir='ltr'>At</span> <span class='ocrx_word' id='word_1_90' title='bbox 237 878 344 914; x_wconf 87' lang='lat' dir='ltr'>rudis</span> <span class='ocrx_word' id='word_1_91' title='bbox 365 880 506 917; x_wconf 83' lang='lat' dir='ltr'>enituit</span> <span class='ocrx_word' id='word_1_92' title='bbox 525 883 691 931; x_wconf 89' lang='lat' dir='ltr'>impulso</span> <span class='ocrx_word' id='word_1_93' title='bbox 711 899 863 926; x_wconf 88' lang='lat' dir='ltr'>vomere</span> <span class='ocrx_word' id='word_1_94' title='bbox 884 903 1052 940; x_wconf 85' lang='lat' dir='ltr'>campus.</span> 
     </span>
    </p>

    <p class='ocr_par' dir='ltr' id='par_1_15' title="bbox 158 927 1011 988">
     <span class='ocr_line' id='line_1_15' title="bbox 158 927 1011 988; baseline 0.02 -24"><span class='ocrx_word' id='word_1_95' title='bbox 158 927 260 966; x_wconf 83' lang='lat' dir='ltr'>Nam</span> <span class='ocrx_word' id='word_1_96' title='bbox 274 930 411 978; x_wconf 82' lang='lat' dir='ltr'>jejuna</span> <span class='ocrx_word' id='word_1_97' title='bbox 431 935 586 981; x_wconf 88' lang='lat' dir='ltr'>quidem</span> <span class='ocrx_word' id='word_1_98' title='bbox 606 938 740 975; x_wconf 84' lang='lat' dir='ltr'>clivosi</span> <span class='ocrx_word' id='word_1_99' title='bbox 759 941 890 988; x_wconf 83' lang='lat' dir='ltr'>glarea</span> <span class='ocrx_word' id='word_1_100' title='bbox 909 946 1011 981; x_wconf 87' lang='lat' dir='ltr'>ruris</span> 
     </span>
    </p>

    <p class='ocr_par' dir='ltr' id='par_1_16' title="bbox 157 980 1179 1043">
     <span class='ocr_line' id='line_1_16' title="bbox 157 980 1179 1043; baseline 0.021 -28"><span class='ocrx_word' id='word_1_101' title='bbox 157 980 240 1017; x_wconf 82' lang='lat' dir='ltr'>Vix</span> <span class='ocrx_word' id='word_1_102' title='bbox 260 983 424 1022; x_wconf 82' lang='lat' dir='ltr'>humiles</span> <span class='ocrx_word' id='word_1_103' title='bbox 444 989 582 1035; x_wconf 85' lang='lat' dir='ltr'>apibus</span> <span class='ocrx_word' id='word_1_104' title='bbox 602 992 722 1029; x_wconf 82' lang='lat' dir='ltr'>casias</span> <span class='ocrx_word' id='word_1_105' title='bbox 741 1006 942 1043; x_wconf 87' lang='lat' dir='ltr'>roremque</span> <span class='ocrx_word' id='word_1_106' title='bbox 960 998 1179 1041; x_wconf 82' lang='lat' dir='ltr'>ministrat;</span> 
     </span>
    </p>

    <p class='ocr_par' dir='ltr' id='par_1_17' title="bbox 157 1032 1067 1099">
     <span class='ocr_line' id='line_1_17' title="bbox 157 1032 1067 1099; baseline 0.024 -33"><span class='ocrx_word' id='word_1_107' title='bbox 157 1032 208 1067; x_wconf 87' lang='lat' dir='ltr'>Et</span> <span class='ocrx_word' id='word_1_108' title='bbox 229 1036 368 1081; x_wconf 87' lang='lat' dir='ltr'>tophus</span> <span class='ocrx_word' id='word_1_109' title='bbox 388 1041 520 1076; x_wconf 84' lang='lat' dir='ltr'>scaber</span> <span class='ocrx_word' id='word_1_110' title='bbox 540 1049 577 1078; x_wconf 84' lang='lat' dir='ltr'>et</span> <span class='ocrx_word' id='word_1_111' title='bbox 598 1045 721 1092; x_wconf 87' lang='lat' dir='ltr'>nigris</span> <span class='ocrx_word' id='word_1_112' title='bbox 740 1059 856 1084; x_wconf 85' lang='lat' dir='ltr'>exesa</span> <span class='ocrx_word' id='word_1_113' title='bbox 875 1049 1067 1099; x_wconf 82' lang='lat' dir='ltr'>chelydris</span> 
     </span>
    </p>

    <p class='ocr_par' dir='ltr' id='par_1_18' title="bbox 158 1083 1348 1151">
     <span class='ocr_line' id='line_1_18' title="bbox 158 1083 1348 1151; baseline 0.026 -34"><span class='ocrx_word' id='word_1_114' title='bbox 158 1083 275 1120; x_wconf 83' lang='lat' dir='ltr'>Creta</span> <span class='ocrx_word' id='word_1_115' title='bbox 294 1097 436 1134; x_wconf 81' lang='lat' dir='ltr'>negant</span> <span class='ocrx_word' id='word_1_116' title='bbox 456 1092 550 1129; x_wconf 85' lang='lat' dir='ltr'>alios</span> <span class='ocrx_word' id='word_1_117' title='bbox 569 1106 674 1141; x_wconf 80' lang='lat' dir='ltr'>aeque</span> <span class='ocrx_word' id='word_1_118' title='bbox 694 1102 936 1146; x_wconf 79' lang='lat' dir='ltr'>serpentibus</span> <span class='ocrx_word' id='word_1_119' title='bbox 956 1116 1068 1151; x_wconf 83' lang='lat' dir='ltr'>agros</span> <span class='ocrx_word' id='word_1_120' title='bbox 1270 1108 1348 1144; x_wconf 82' lang='lat'>215</span> 
     </span>
    </p>

    <p class='ocr_par' dir='ltr' id='par_1_19' title="bbox 158 1134 1187 1197">
     <span class='ocr_line' id='line_1_19' title="bbox 158 1134 1187 1197; baseline 0.025 -28"><span class='ocrx_word' id='word_1_121' title='bbox 158 1134 320 1173; x_wconf 89' lang='lat' dir='ltr'>Dulcem</span> <span class='ocrx_word' id='word_1_122' title='bbox 340 1138 440 1177; x_wconf 88' lang='lat' dir='ltr'>ferre</span> <span class='ocrx_word' id='word_1_123' title='bbox 460 1143 587 1179; x_wconf 87' lang='lat' dir='ltr'>cibum</span> <span class='ocrx_word' id='word_1_124' title='bbox 608 1153 646 1182; x_wconf 86' lang='lat' dir='ltr'>et</span> <span class='ocrx_word' id='word_1_125' title='bbox 665 1160 803 1186; x_wconf 81' lang='lat' dir='ltr'>curvas</span> <span class='ocrx_word' id='word_1_126' title='bbox 823 1155 993 1197; x_wconf 78' lang='lat' dir='ltr'>praebere</span> <span class='ocrx_word' id='word_1_127' title='bbox 1012 1157 1187 1195; x_wconf 84' lang='lat' dir='ltr'>latebras.</span> 
     </span>
    </p>

    <p class='ocr_par' dir='ltr' id='par_1_20' title="bbox 158 1185 1233 1253">
     <span class='ocr_line' id='line_1_20' title="bbox 158 1185 1233 1253; baseline 0.025 -32"><span class='ocrx_word' id='word_1_128' title='bbox 158 1185 254 1232; x_wconf 82' lang='lat' dir='ltr'>Quae</span> <span class='ocrx_word' id='word_1_129' title='bbox 274 1195 428 1227; x_wconf 87' lang='lat' dir='ltr'>tenuem</span> <span class='ocrx_word' id='word_1_130' title='bbox 448 1195 605 1232; x_wconf 77' lang='lat' dir='ltr'>exhalat</span> <span class='ocrx_word' id='word_1_131' title='bbox 624 1200 802 1236; x_wconf 84' lang='lat' dir='ltr'>nebulam</span> <span class='ocrx_word' id='word_1_132' title='bbox 823 1203 1024 1253; x_wconf 89' lang='lat' dir='ltr'>fumosque</span> <span class='ocrx_word' id='word_1_133' title='bbox 1045 1209 1233 1250; x_wconf 76' lang='lat' dir='ltr'>volucres,</span> 
     </span>
    </p>

    <p class='ocr_par' dir='ltr' id='par_1_21' title="bbox 156 1239 1279 1306">
     <span class='ocr_line' id='line_1_21' title="bbox 156 1239 1279 1306; baseline 0.022 -31"><span class='ocrx_word' id='word_1_134' title='bbox 156 1239 209 1276; x_wconf 82' lang='lat' dir='ltr'>Et</span> <span class='ocrx_word' id='word_1_135' title='bbox 228 1241 325 1279; x_wconf 83' lang='lat' dir='ltr'>bibit</span> <span class='ocrx_word' id='word_1_136' title='bbox 344 1244 542 1284; x_wconf 88' lang='lat' dir='ltr'>humorem</span> <span class='ocrx_word' id='word_1_137' title='bbox 563 1255 611 1293; x_wconf 85' lang='lat' dir='ltr'>et,</span> <span class='ocrx_word' id='word_1_138' title='bbox 633 1263 719 1288; x_wconf 86' lang='lat' dir='ltr'>eum</span> <span class='ocrx_word' id='word_1_139' title='bbox 742 1255 834 1298; x_wconf 67' lang='lat' dir='ltr'>vult3</span> <span class='ocrx_word' id='word_1_140' title='bbox 857 1268 905 1292; x_wconf 80' lang='lat' dir='ltr'>ex</span> <span class='ocrx_word' id='word_1_141' title='bbox 926 1270 966 1294; x_wconf 85' lang='lat' dir='ltr'>se</span> <span class='ocrx_word' id='word_1_142' title='bbox 986 1261 1068 1306; x_wconf 83' lang='lat' dir='ltr'>ipsa</span> <span class='ocrx_word' id='word_1_143' title='bbox 1088 1263 1251 1299; x_wconf 77' lang='lat' dir='ltr'>remittit</span> <span class='ocrx_word' id='word_1_144' title='bbox 1270 1279 1279 1306; x_wconf 80' lang='lat'><em>3</em></span> 
     </span>
    </p>

    <p class='ocr_par' dir='ltr' id='par_1_22' title="bbox 157 1292 1121 1358">
     <span class='ocr_line' id='line_1_22' title="bbox 157 1292 1121 1358; baseline 0.022 -30"><span class='ocrx_word' id='word_1_145' title='bbox 157 1292 328 1342; x_wconf 81' lang='lat' dir='ltr'>Quaeque</span> <span class='ocrx_word' id='word_1_146' title='bbox 347 1309 416 1334; x_wconf 88' lang='lat' dir='ltr'>suo</span> <span class='ocrx_word' id='word_1_147' title='bbox 436 1311 586 1349; x_wconf 86' lang='lat' dir='ltr'>semper</span> <span class='ocrx_word' id='word_1_148' title='bbox 606 1303 722 1340; x_wconf 86' lang='lat' dir='ltr'>viridi</span> <span class='ocrx_word' id='word_1_149' title='bbox 741 1318 780 1343; x_wconf 85' lang='lat' dir='ltr'>se</span> <span class='ocrx_word' id='word_1_150' title='bbox 799 1309 974 1354; x_wconf 78' lang='lat' dir='ltr'>gramine</span> <span class='ocrx_word' id='word_1_151' title='bbox 996 1314 1121 1358; x_wconf 82' lang='lat' dir='ltr'>vestit,</span> 
     </span>
    </p>

    <p class='ocr_par' dir='ltr' id='par_1_23' title="bbox 153 1344 1345 1408">
     <span class='ocr_line' id='line_1_23' title="bbox 153 1344 1345 1408; baseline 0.022 -27"><span class='ocrx_word' id='word_1_152' title='bbox 153 1344 238 1383; x_wconf 90' lang='lat' dir='ltr'>Nec</span> <span class='ocrx_word' id='word_1_153' title='bbox 258 1350 384 1386; x_wconf 81' lang='lat' dir='ltr'>scabie</span> <span class='ocrx_word' id='word_1_154' title='bbox 404 1357 442 1387; x_wconf 85' lang='lat' dir='ltr'>et</span> <span class='ocrx_word' id='word_1_155' title='bbox 461 1354 558 1390; x_wconf 85' lang='lat' dir='ltr'>salsa</span> <span class='ocrx_word' id='word_1_156' title='bbox 581 1355 682 1392; x_wconf 84' lang='lat' dir='ltr'>laedit</span> <span class='ocrx_word' id='word_1_157' title='bbox 702 1360 878 1408; x_wconf 86' lang='lat' dir='ltr'>robigine</span> <span class='ocrx_word' id='word_1_158' title='bbox 898 1361 1065 1401; x_wconf 87' lang='lat' dir='ltr'>ferrum:</span> <span class='ocrx_word' id='word_1_159' title='bbox 1266 1371 1345 1406; x_wconf 83' lang='lat'>220</span> 
     </span>
    </p>

    <p class='ocr_par' dir='ltr' id='par_1_24' title="bbox 153 1398 936 1458">
     <span class='ocr_line' id='line_1_24' title="bbox 153 1398 936 1458; baseline 0.023 -24"><span class='ocrx_word' id='word_1_160' title='bbox 153 1398 226 1436; x_wconf 87' lang='lat' dir='ltr'>Illa</span> <span class='ocrx_word' id='word_1_161' title='bbox 245 1401 316 1438; x_wconf 89' lang='lat' dir='ltr'>tibi</span> <span class='ocrx_word' id='word_1_162' title='bbox 338 1403 435 1440; x_wconf 83' lang='lat' dir='ltr'>laetis</span> <span class='ocrx_word' id='word_1_163' title='bbox 455 1406 605 1444; x_wconf 80' lang='lat' dir='ltr'>intexet</span> <span class='ocrx_word' id='word_1_164' title='bbox 625 1410 770 1449; x_wconf 80' lang='lat' dir='ltr'>vitibus</span> <span class='ocrx_word' id='word_1_165' title='bbox 791 1414 936 1458; x_wconf 75' lang='lat' dir='ltr'>ulmos:</span> 
     </span>
    </p>

    <p class='ocr_par' dir='ltr' id='par_1_25' title="bbox 151 1452 1091 1513">
     <span class='ocr_line' id='line_1_25' title="bbox 151 1452 1091 1513; baseline 0.022 -26"><span class='ocrx_word' id='word_1_166' title='bbox 151 1452 225 1489; x_wconf 83' lang='lat' dir='ltr'>llla</span> <span class='ocrx_word' id='word_1_167' title='bbox 244 1454 353 1491; x_wconf 84' lang='lat' dir='ltr'>ferax</span> <span class='ocrx_word' id='word_1_168' title='bbox 372 1457 456 1493; x_wconf 89' lang='lat' dir='ltr'>oleo</span> <span class='ocrx_word' id='word_1_169' title='bbox 475 1466 558 1504; x_wconf 88' lang='lat' dir='ltr'>est;</span> <span class='ocrx_word' id='word_1_170' title='bbox 588 1462 692 1499; x_wconf 78' lang='lat' dir='ltr'>illam</span> <span class='ocrx_word' id='word_1_171' title='bbox 712 1467 913 1513; x_wconf 84' lang='lat' dir='ltr'>experiere</span> <span class='ocrx_word' id='word_1_172' title='bbox 933 1470 1091 1507; x_wconf 87' lang='lat' dir='ltr'>colendo</span> 
     </span>
    </p>

    <p class='ocr_par' dir='ltr' id='par_1_26' title="bbox 150 1505 1113 1563">
     <span class='ocr_line' id='line_1_26' title="bbox 150 1505 1113 1563; baseline 0.022 -23"><span class='ocrx_word' id='word_1_173' title='bbox 150 1505 203 1541; x_wconf 83' lang='lat' dir='ltr'>Et</span> <span class='ocrx_word' id='word_1_174' title='bbox 223 1505 371 1545; x_wconf 84' lang='lat' dir='ltr'>facilem</span> <span class='ocrx_word' id='word_1_175' title='bbox 392 1513 519 1558; x_wconf 86' lang='lat' dir='ltr'>pecori</span> <span class='ocrx_word' id='word_1_176' title='bbox 540 1520 577 1550; x_wconf 84' lang='lat' dir='ltr'>et</span> <span class='ocrx_word' id='word_1_177' title='bbox 598 1517 805 1563; x_wconf 87' lang='lat' dir='ltr'>patientem</span> <span class='ocrx_word' id='word_1_178' title='bbox 827 1523 991 1560; x_wconf 81' lang='lat' dir='ltr'>vomeris</span> <span class='ocrx_word' id='word_1_179' title='bbox 1014 1526 1113 1562; x_wconf 86' lang='lat' dir='ltr'>unci.</span> 
     </span>
    </p>

    <p class='ocr_par' dir='ltr' id='par_1_27' title="bbox 150 1559 1051 1615">
     <span class='ocr_line' id='line_1_27' title="bbox 150 1559 1051 1615; baseline 0.022 -22"><span class='ocrx_word' id='word_1_180' title='bbox 150 1559 284 1596; x_wconf 78' lang='lat' dir='ltr'>&#39;salem</span> <span class='ocrx_word' id='word_1_181' title='bbox 304 1562 412 1599; x_wconf 86' lang='lat' dir='ltr'>dives</span> <span class='ocrx_word' id='word_1_182' title='bbox 433 1573 515 1601; x_wconf 80' lang='lat' dir='ltr'>arat</span> <span class='ocrx_word' id='word_1_183' title='bbox 537 1566 669 1615; x_wconf 82' lang='lat' dir='ltr'>Capua</span> <span class='ocrx_word' id='word_1_184' title='bbox 690 1578 726 1606; x_wconf 90' lang='lat' dir='ltr'>et</span> <span class='ocrx_word' id='word_1_185' title='bbox 747 1572 876 1610; x_wconf 86' lang='lat' dir='ltr'>vicina</span> <span class='ocrx_word' id='word_1_186' title='bbox 897 1574 1051 1613; x_wconf 88' lang='lat' dir='ltr'>Vesevo</span> 
     </span>
    </p>

    <p class='ocr_par' dir='ltr' id='par_1_28' title="bbox 149 1611 1336 1730">
     <span class='ocr_line' id='line_1_28' title="bbox 149 1611 1336 1674; baseline 0.02 -27"><span class='ocrx_word' id='word_1_187' title='bbox 149 1611 339 1661; x_wconf 82' lang='lat' dir='ltr'>Orajugo</span> <span class='ocrx_word' id='word_1_188' title='bbox 358 1623 395 1652; x_wconf 85' lang='lat' dir='ltr'>et</span> <span class='ocrx_word' id='word_1_189' title='bbox 417 1619 548 1655; x_wconf 87' lang='lat' dir='ltr'>vacuis</span> <span class='ocrx_word' id='word_1_190' title='bbox 569 1620 728 1659; x_wconf 83' lang='lat' dir='ltr'>Clanius</span> <span class='ocrx_word' id='word_1_191' title='bbox 750 1636 826 1660; x_wconf 89' lang='lat' dir='ltr'>non</span> <span class='ocrx_word' id='word_1_192' title='bbox 848 1637 980 1674; x_wconf 85' lang='lat' dir='ltr'>aequus</span> <span class='ocrx_word' id='word_1_193' title='bbox 1002 1630 1172 1668; x_wconf 85' lang='lat' dir='ltr'>Acerris.</span> <span class='ocrx_word' id='word_1_194' title='bbox 1259 1635 1336 1670; x_wconf 81' lang='lat'>225</span> 
     </span>
     <span class='ocr_line' id='line_1_29' title="bbox 197 1664 1326 1730; baseline 0.021 -30"><span class='ocrx_word' id='word_1_195' title='bbox 197 1664 325 1710; x_wconf 77' lang='lat' dir='ltr'>Nunc,</span> <span class='ocrx_word' id='word_1_196' title='bbox 347 1681 422 1715; x_wconf 92' lang='lat' dir='ltr'>quo</span> <span class='ocrx_word' id='word_1_197' title='bbox 440 1683 632 1720; x_wconf 87' lang='lat' dir='ltr'>quamque</span> <span class='ocrx_word' id='word_1_198' title='bbox 651 1676 763 1712; x_wconf 87' lang='lat' dir='ltr'>modo</span> <span class='ocrx_word' id='word_1_199' title='bbox 783 1680 905 1725; x_wconf 87' lang='lat' dir='ltr'>possis</span> <span class='ocrx_word' id='word_1_200' title='bbox 925 1693 1165 1730; x_wconf 83' lang='lat' dir='ltr'>cognoscere,</span> <span class='ocrx_word' id='word_1_201' title='bbox 1187 1686 1326 1723; x_wconf 81' lang='lat' dir='ltr'>dicam.</span> 
     </span>
    </p>

    <p class='ocr_par' dir='ltr' id='par_1_29' title="bbox 143 1715 1118 1782">
     <span class='ocr_line' id='line_1_30' title="bbox 143 1715 1118 1782; baseline 0.023 -31"><span class='ocrx_word' id='word_1_202' title='bbox 143 1715 247 1754; x_wconf 86' lang='lat' dir='ltr'>Rara</span> <span class='ocrx_word' id='word_1_203' title='bbox 267 1719 314 1755; x_wconf 87' lang='lat' dir='ltr'>sit</span> <span class='ocrx_word' id='word_1_204' title='bbox 333 1733 380 1756; x_wconf 86' lang='lat' dir='ltr'>an</span> <span class='ocrx_word' id='word_1_205' title='bbox 401 1734 517 1770; x_wconf 86' lang='lat' dir='ltr'>supra</span> <span class='ocrx_word' id='word_1_206' title='bbox 535 1737 679 1763; x_wconf 88' lang='lat' dir='ltr'>morem</span> <span class='ocrx_word' id='word_1_207' title='bbox 699 1729 732 1764; x_wconf 86' lang='lat' dir='ltr'>si</span> <span class='ocrx_word' id='word_1_208' title='bbox 753 1730 870 1768; x_wconf 82' lang='lat' dir='ltr'>densa</span> <span class='ocrx_word' id='word_1_209' title='bbox 889 1735 1118 1782; x_wconf 86' lang='lat' dir='ltr'>requiras—-</span> 
     </span>
    </p>

    <p class='ocr_par' dir='ltr' id='par_1_30' title="bbox 141 1769 1173 1835">
     <span class='ocr_line' id='line_1_31' title="bbox 141 1769 1173 1835; baseline 0.024 -32"><span class='ocrx_word' id='word_1_210' title='bbox 141 1769 281 1807; x_wconf 88' lang='lat' dir='ltr'>Altera</span> <span class='ocrx_word' id='word_1_211' title='bbox 300 1772 505 1813; x_wconf 85' lang='lat' dir='ltr'>frumentis</span> <span class='ocrx_word' id='word_1_212' title='bbox 525 1780 705 1825; x_wconf 85' lang='lat' dir='ltr'>quoniam</span> <span class='ocrx_word' id='word_1_213' title='bbox 726 1781 843 1828; x_wconf 80' lang='lat' dir='ltr'>favet,</span> <span class='ocrx_word' id='word_1_214' title='bbox 866 1785 987 1824; x_wconf 81' lang='lat' dir='ltr'>altera</span> <span class='ocrx_word' id='word_1_215' title='bbox 1006 1788 1173 1835; x_wconf 84' lang='lat' dir='ltr'>Baccho,</span> 
     </span>
    </p>

    <p class='ocr_par' dir='ltr' id='par_1_31' title="bbox 140 1820 1164 1890">
     <span class='ocr_line' id='line_1_32' title="bbox 140 1820 1164 1890; baseline 0.023 -33"><span class='ocrx_word' id='word_1_216' title='bbox 140 1820 271 1860; x_wconf 87' lang='lat' dir='ltr'>Densa</span> <span class='ocrx_word' id='word_1_217' title='bbox 290 1827 412 1874; x_wconf 83' lang='lat' dir='ltr'>magis</span> <span class='ocrx_word' id='word_1_218' title='bbox 434 1827 578 1876; x_wconf 88' lang='lat' dir='ltr'>Cereri,</span> <span class='ocrx_word' id='word_1_219' title='bbox 598 1833 794 1873; x_wconf 84' lang='lat' dir='ltr'>rarissima</span> <span class='ocrx_word' id='word_1_220' title='bbox 812 1850 975 1887; x_wconf 83' lang='lat' dir='ltr'>quaeque</span> <span class='ocrx_word' id='word_1_221' title='bbox 994 1840 1164 1890; x_wconf 81' lang='lat' dir='ltr'>Lyaeo—</span> 
     </span>
    </p>

    <p class='ocr_par' dir='ltr' id='par_1_32' title="bbox 138 1875 1333 1939">
     <span class='ocr_line' id='line_1_33' title="bbox 138 1875 1333 1939; baseline 0.023 -30"><span class='ocrx_word' id='word_1_222' title='bbox 138 1875 245 1912; x_wconf 89' lang='lat' dir='ltr'>Ante</span> <span class='ocrx_word' id='word_1_223' title='bbox 264 1877 390 1915; x_wconf 85' lang='lat' dir='ltr'>locum</span> <span class='ocrx_word' id='word_1_224' title='bbox 410 1882 537 1930; x_wconf 82' lang='lat' dir='ltr'>capies</span> <span class='ocrx_word' id='word_1_225' title='bbox 557 1886 688 1931; x_wconf 88' lang='lat' dir='ltr'>oculis,</span> <span class='ocrx_word' id='word_1_226' title='bbox 709 1895 875 1939; x_wconf 84' lang='lat' dir='ltr'>anteque</span> <span class='ocrx_word' id='word_1_227' title='bbox 888 1891 1046 1939; x_wconf 88' lang='lat' dir='ltr'>jubebis</span> <span class='ocrx_word' id='word_1_228' title='bbox 1253 1900 1333 1936; x_wconf 81' lang='lat'>230</span> 
     </span>
    </p>

    <p class='ocr_par' dir='ltr' id='par_1_33' title="bbox 136 1926 1118 1996">
     <span class='ocr_line' id='line_1_34' title="bbox 136 1926 1118 1996; baseline 0.023 -33"><span class='ocrx_word' id='word_1_229' title='bbox 136 1926 186 1963; x_wconf 90' lang='lat' dir='ltr'>In</span> <span class='ocrx_word' id='word_1_230' title='bbox 206 1930 327 1968; x_wconf 89' lang='lat' dir='ltr'>solido</span> <span class='ocrx_word' id='word_1_231' title='bbox 347 1940 505 1981; x_wconf 86' lang='lat' dir='ltr'>puteum</span> <span class='ocrx_word' id='word_1_232' title='bbox 525 1937 687 1985; x_wconf 83' lang='lat' dir='ltr'>demitti,</span> <span class='ocrx_word' id='word_1_233' title='bbox 709 1954 936 1993; x_wconf 88' lang='lat' dir='ltr'>omnemque</span> <span class='ocrx_word' id='word_1_234' title='bbox 956 1960 1118 1996; x_wconf 86' lang='lat' dir='ltr'>repones</span> 
     </span>
    </p>

    <p class='ocr_par' dir='ltr' id='par_1_34' title="bbox 135 1980 1265 2049">
     <span class='ocr_line' id='line_1_35' title="bbox 135 1980 1265 2049; baseline 0.023 -33"><span class='ocrx_word' id='word_1_235' title='bbox 135 1980 288 2021; x_wconf 85' lang='lat' dir='ltr'>Rursus</span> <span class='ocrx_word' id='word_1_236' title='bbox 306 1985 477 2032; x_wconf 86' lang='lat' dir='ltr'>humum,</span> <span class='ocrx_word' id='word_1_237' title='bbox 499 1997 537 2027; x_wconf 89' lang='lat' dir='ltr'>et</span> <span class='ocrx_word' id='word_1_238' title='bbox 555 1993 720 2039; x_wconf 89' lang='lat' dir='ltr'>pedibus</span> <span class='ocrx_word' id='word_1_239' title='bbox 740 2007 907 2035; x_wconf 81' lang='lat' dir='ltr'>summas</span> <span class='ocrx_word' id='word_1_240' title='bbox 926 2002 1096 2049; x_wconf 82' lang='lat' dir='ltr'>aequabis</span> <span class='ocrx_word' id='word_1_241' title='bbox 1115 2015 1265 2041; x_wconf 79' lang='lat' dir='ltr'>arenas.</span> 
     </span>
    </p>

    <p class='ocr_par' dir='ltr' id='par_1_35' title="bbox 138 2034 1105 2096">
     <span class='ocr_line' id='line_1_36' title="bbox 138 2034 1105 2096; baseline 0.024 -27"><span class='ocrx_word' id='word_1_242' title='bbox 138 2034 180 2070; x_wconf 72' lang='lat' dir='ltr'>Si</span> <span class='ocrx_word' id='word_1_243' title='bbox 201 2036 376 2085; x_wconf 83' lang='lat' dir='ltr'>deerunt,</span> <span class='ocrx_word' id='word_1_244' title='bbox 398 2053 527 2080; x_wconf 88' lang='lat' dir='ltr'>rarum</span> <span class='ocrx_word' id='word_1_245' title='bbox 549 2048 751 2096; x_wconf 87' lang='lat' dir='ltr'>pecorique</span> <span class='ocrx_word' id='word_1_246' title='bbox 772 2056 810 2086; x_wconf 88' lang='lat' dir='ltr'>et</span> <span class='ocrx_word' id='word_1_247' title='bbox 830 2052 975 2089; x_wconf 90' lang='lat' dir='ltr'>vitibus</span> <span class='ocrx_word' id='word_1_248' title='bbox 995 2054 1105 2092; x_wconf 88' lang='lat' dir='ltr'>almis</span> 
     </span>
    </p>

    <p class='ocr_par' dir='ltr' id='par_1_36' title="bbox 133 2086 1099 2154">
     <span class='ocr_line' id='line_1_37' title="bbox 133 2086 1099 2154; baseline 0.023 -31"><span class='ocrx_word' id='word_1_249' title='bbox 133 2086 280 2137; x_wconf 78' lang='lat' dir='ltr'>Aptius</span> <span class='ocrx_word' id='word_1_250' title='bbox 300 2093 396 2129; x_wconf 91' lang='lat' dir='ltr'>uber</span> <span class='ocrx_word' id='word_1_251' title='bbox 415 2096 513 2140; x_wconf 82' lang='lat' dir='ltr'>erit3</span> <span class='ocrx_word' id='word_1_252' title='bbox 543 2099 602 2134; x_wconf 87' lang='lat' dir='ltr'>sin</span> <span class='ocrx_word' id='word_1_253' title='bbox 622 2099 662 2136; x_wconf 90' lang='lat' dir='ltr'>in</span> <span class='ocrx_word' id='word_1_254' title='bbox 682 2113 752 2139; x_wconf 84' lang='lat' dir='ltr'>sua</span> <span class='ocrx_word' id='word_1_255' title='bbox 772 2116 881 2151; x_wconf 86' lang='lat' dir='ltr'>posse</span> <span class='ocrx_word' id='word_1_256' title='bbox 900 2108 1099 2154; x_wconf 79' lang='lat' dir='ltr'>negabunt</span> 
     </span>
    </p>

    <p class='ocr_par' dir='ltr' id='par_1_37' title="bbox 133 2140 1326 2208">
     <span class='ocr_line' id='line_1_38' title="bbox 133 2140 1326 2208; baseline 0.022 -31"><span class='ocrx_word' id='word_1_257' title='bbox 133 2140 200 2179; x_wconf 86' lang='lat' dir='ltr'>Ire</span> <span class='ocrx_word' id='word_1_258' title='bbox 219 2143 311 2190; x_wconf 88' lang='lat' dir='ltr'>loca,</span> <span class='ocrx_word' id='word_1_259' title='bbox 333 2153 371 2183; x_wconf 89' lang='lat' dir='ltr'>et</span> <span class='ocrx_word' id='word_1_260' title='bbox 390 2151 591 2189; x_wconf 87' lang='lat' dir='ltr'>scrobibus</span> <span class='ocrx_word' id='word_1_261' title='bbox 611 2157 808 2202; x_wconf 84' lang='lat' dir='ltr'>superabit</span> <span class='ocrx_word' id='word_1_262' title='bbox 828 2164 931 2195; x_wconf 86' lang='lat' dir='ltr'>terra</span> <span class='ocrx_word' id='word_1_263' title='bbox 949 2161 1117 2208; x_wconf 75' lang='lat' dir='ltr'>repletiS,</span> <span class='ocrx_word' id='word_1_264' title='bbox 1248 2167 1326 2205; x_wconf 80' lang='lat'>235</span> 
     </span>
    </p>

    <p class='ocr_par' dir='ltr' id='par_1_38' title="bbox 134 2194 1182 2264">
     <span class='ocr_line' id='line_1_39' title="bbox 134 2194 1182 2264; baseline 0.022 -34"><span class='ocrx_word' id='word_1_265' title='bbox 134 2194 290 2242; x_wconf 73' lang='lat' dir='ltr'>spissus</span> <span class='ocrx_word' id='word_1_266' title='bbox 310 2211 425 2248; x_wconf 81' lang='lat' dir='ltr'>ager3</span> <span class='ocrx_word' id='word_1_267' title='bbox 454 2203 585 2251; x_wconf 79' lang='lat' dir='ltr'>glebas</span> <span class='ocrx_word' id='word_1_268' title='bbox 605 2214 829 2246; x_wconf 84' lang='lat' dir='ltr'>cunctantes</span> <span class='ocrx_word' id='word_1_269' title='bbox 849 2223 1052 2261; x_wconf 83' lang='lat' dir='ltr'>crassaque</span> <span class='ocrx_word' id='word_1_270' title='bbox 1072 2222 1182 2264; x_wconf 79' lang='lat' dir='ltr'>terga</span> 
     </span>
    </p>

    <p class='ocr_par' dir='ltr' id='par_1_39' title="bbox 129 2246 1148 2313">
     <span class='ocr_line' id='line_1_40' title="bbox 129 2246 1148 2313; baseline 0.022 -30"><span class='ocrx_word' id='word_1_271' title='bbox 129 2246 338 2297; x_wconf 78' lang='lat' dir='ltr'>Exspecta,</span> <span class='ocrx_word' id='word_1_272' title='bbox 361 2260 399 2290; x_wconf 86' lang='lat' dir='ltr'>et</span> <span class='ocrx_word' id='word_1_273' title='bbox 421 2256 556 2294; x_wconf 88' lang='lat' dir='ltr'>validis</span> <span class='ocrx_word' id='word_1_274' title='bbox 575 2265 717 2297; x_wconf 82' lang='lat' dir='ltr'>terram</span> <span class='ocrx_word' id='word_1_275' title='bbox 738 2264 1148 2313; x_wconf 84' lang='lat' dir='ltr'>p1·oscindejuvencis.</span> 
     </span>
    </p>

    <p class='ocr_par' dir='ltr' id='par_1_40' title="bbox 133 2299 1088 2365">
     <span class='ocr_line' id='line_1_41' title="bbox 133 2299 1088 2365; baseline 0.022 -29"><span class='ocrx_word' id='word_1_276' title='bbox 133 2299 241 2338; x_wconf 80' lang='lat' dir='ltr'>Salsa</span> <span class='ocrx_word' id='word_1_277' title='bbox 260 2311 386 2342; x_wconf 82' lang='lat' dir='ltr'>autem</span> <span class='ocrx_word' id='word_1_278' title='bbox 409 2309 522 2347; x_wconf 85' lang='lat' dir='ltr'>tellus</span> <span class='ocrx_word' id='word_1_279' title='bbox 541 2317 579 2347; x_wconf 89' lang='lat' dir='ltr'>et</span> <span class='ocrx_word' id='word_1_280' title='bbox 599 2324 682 2360; x_wconf 84' lang='lat' dir='ltr'>quae</span> <span class='ocrx_word' id='word_1_281' title='bbox 704 2316 930 2362; x_wconf 83' lang='lat' dir='ltr'>perhibetur</span> <span class='ocrx_word' id='word_1_282' title='bbox 949 2332 1088 2365; x_wconf 77' lang='lat' dir='ltr'>amara,</span> 
     </span>
    </p>

    <p class='ocr_par' dir='ltr' id='par_1_41' title="bbox 130 2352 1105 2418">
     <span class='ocr_line' id='line_1_42' title="bbox 130 2352 1105 2418; baseline 0.023 -29"><span class='ocrx_word' id='word_1_283' title='bbox 130 2352 326 2403; x_wconf 84' lang='lat' dir='ltr'>Frugibus</span> <span class='ocrx_word' id='word_1_284' title='bbox 348 2360 599 2408; x_wconf 85' lang='lat' dir='ltr'>infelix,—ea</span> <span class='ocrx_word' id='word_1_285' title='bbox 617 2378 687 2404; x_wconf 84' lang='lat' dir='ltr'>nee</span> <span class='ocrx_word' id='word_1_286' title='bbox 707 2372 936 2408; x_wconf 82' lang='lat' dir='ltr'>mansuescit</span> <span class='ocrx_word' id='word_1_287' title='bbox 952 2374 1105 2418; x_wconf 84' lang='lat' dir='ltr'>arando,</span> 
     </span>
    </p>
   </div>
  </div>
 </body>
</html>
