1493 2641
134 162 180 197 14
426 160 470 197 P.
504 158 638 198 VIRG
647 158 750 197 ILII
780 157 1041 196 MARONIS
1209 157 1319 209 [Lm.

132 265 333 304 Montibus
353 267 478 303 audiri
498 266 645 315 fragon
674 272 741 303 aut
760 265 980 303 resonantia
998 265 1111 313 longe

128 319 264 357 Litora
282 319 446 365 misceri,
467 326 506 356 et
525 331 725 356 nemorum
745 320 1031 356 increbrescere
1050 329 1238 355 murmur.

129 373 158 409 J
161 386 221 409 am
242 372 313 409 sibi
334 378 417 409 tum
436 385 458 409 a
477 373 607 409 curvis
626 372 725 410 male
743 378 932 420 temperat
953 372 1055 408 unda
1070 371 1221 417 carinis,
1243 371 1324 408 360

131 424 234 462 Cum
254 426 382 462 medio
401 425 545 462 celeres
564 426 741 463 revolant
760 438 809 463 ex
830 437 980 472 aequore
999 425 1134 472 mergi,

131 477 424 526 Clamoremque
443 477 574 514 ferunt
593 479 642 515 ad
661 479 784 523 litora,
805 490 967 526 cumque
989 478 1144 515 marinae

130 531 178 567 In
198 532 299 568 sicco
318 531 458 567 ludunt
477 531 615 576 fulieae,
637 537 821 578 notasque
842 531 1001 580 paludes

130 584 285 621 Deserit
305 590 418 631 atque
438 584 554 621 altam
574 596 690 632 supra
708 586 813 621 volat
833 585 947 621 ardea
966 585 1122 621 nubem.

130 635 238 685 Saepe
257 637 373 674 etiam
392 637 532 679 stellas,
554 644 670 674 vento
689 638 947 686 impendente,
969 637 1118 674 videbis
1244 637 1321 673 365

128 690 353 739 Praecipites
372 690 469 727 coelo
489 690 580 735 labi,
600 691 798 738 noctisque
817 704 886 739 per
907 692 1081 727 umbram

128 742 391 780 Flammarum
406 743 539 792 longos
559 755 581 780 a
599 749 709 792 tergo
729 743 919 781 albescere
940 749 1085 781 tractus
1093 758 1103 787 ;

129 794 237 844 Saepe
255 797 382 833 levem
400 796 549 845 paleam
569 802 608 833 et
628 796 785 834 frondes
806 797 968 834 volitare
988 797 1161 841 caducas,

128 849 215 886 Aut
235 862 384 887 summa
403 855 540 887 nantes
557 850 598 886 in
620 861 717 897 aqua
739 850 931 887 colludere
951 850 1110 899 plumaS.

131 901 185 939 At
206 902 341 940 Boreae
363 903 410 939 de
430 909 538 951 parte
557 903 680 940 trucis
701 915 790 940 cum
809 903 1002 947 fulminat,
1024 909 1061 940 et
1081 916 1169 940 cum
1246 903 1325 941 370

128 953 305 1003 Eurique
326 955 572 1004 Zephyrique
590 961 699 992 tonat
718 957 852 993 domus
860 970 870 999 ;
893 956 1021 992 omnia
1041 956 1165 1004 plenis

129 1008 238 1046 Rura
256 1014 392 1046 natant
411 1008 535 1053 fossis,
557 1013 670 1055 atque
690 1009 814 1045 omnis
830 1010 961 1045 navita
979 1015 1099 1057 ponto

129 1061 302 1099 Humida
321 1062 407 1098 vela
426 1062 535 1110 legit.
592 1061 816 1111 Numquam
835 1062 1147 1110 imprudentibus
1165 1061 1290 1099 imber

131 1114 286 1153 Obfuit:
306 1121 374 1152 aut
392 1115 502 1152 illum
523 1121 745 1164 surgentem
765 1115 931 1152 vallibus
950 1115 1039 1152 imis

128 1168 264 1205 Aeriae
283 1167 419 1217 fugere
438 1180 571 1217 grues3
592 1174 658 1204 aut
677 1169 820 1205 bucula
838 1168 977 1205 coelum
1247 1167 1324 1206 375

131 1221 352 1270 Suspiciens
372 1221 513 1270 patulis
532 1222 703 1269 captavit
722 1222 880 1258 naribus
900 1233 1030 1262 auras3

129 1276 215 1312 Aut
234 1280 373 1324 arguta
391 1275 497 1312 lacus
516 1275 843 1312 circumvolitavit
862 1275 1029 1311 hirundo
1035 1289 1046 1318 ;

130 1328 183 1365 Et
202 1334 374 1366 veterem
391 1328 430 1364 in
450 1328 543 1364 limo
562 1340 666 1365 ranae
686 1329 859 1365 cecinere
879 1328 1089 1376 querelam.

134 1381 283 1430 Saepius
304 1388 342 1418 et
361 1381 474 1418 tectis
493 1381 755 1429 penetralibus
775 1381 917 1418 extulit
936 1394 1010 1418 ova

130 1434 354 1483 Angustum
382 1433 543 1471 formica
562 1439 690 1470 terens
709 1434 783 1471 iter
791 1449 801 1477 3
825 1441 863 1471 et
883 1433 981 1471 bibit
999 1434 1138 1483 ingens
1247 1435 1326 1471 380

130 1488 277 1531 Arcus3
297 1492 334 1524 et
354 1499 375 1524 e
396 1492 506 1534 pastu
526 1486 714 1523 decedens
732 1487 887 1536 agmine
905 1499 1046 1535 magno

131 1540 349 1578 Corvorum
367 1539 562 1588 increpuit
581 1540 710 1577 densis
730 1540 924 1577 exercitus
945 1540 1027 1577 alis.

130 1593 220 1631 ‹Jam
244 1594 361 1630 variae
381 1593 503 1642 pelagi
526 1592 714 1638 volucres,
735 1599 773 1630 et
793 1606 878 1642 quae
900 1594 998 1630 Asia
1017 1593 1162 1630 circum

129 1646 320 1684 Dulcibus
339 1646 380 1682 in
401 1645 547 1695 stagnis
561 1646 753 1683 rimantur
772 1654 883 1695 prata
903 1645 1072 1696 Caystri,

131 1699 321 1737 Certatim
339 1699 466 1748 largos
485 1699 656 1736 humeris
676 1700 882 1737 infundere
900 1713 1019 1745 rores,
1249 1700 1325 1736 385

129 1752 244 1790 Nunc
264 1759 380 1802 caput
399 1752 592 1800 objectare
611 1752 732 1798 fretis,
754 1766 856 1791 nunc
876 1765 1032 1790 currere
1051 1753 1092 1790 in
1113 1753 1246 1798 undas,

129 1806 182 1842 Et
202 1806 329 1843 studio
348 1806 539 1843 incassum
560 1806 692 1843 videas
711 1807 855 1855 gestire
874 1807 1043 1844 lavandi.

130 1858 233 1896 Tum
253 1859 389 1896 cornix
407 1858 520 1908 plena
540 1859 713 1907 pluviam
732 1865 845 1897 vocat
863 1860 1039 1908 improba
1058 1872 1164 1904 voce,

130 1912 183 1948 Et
202 1912 283 1950 sola
301 1913 341 1948 in
363 1912 462 1949 sicca
482 1924 611 1949 secum
633 1913 822 1961 spatiatur
841 1926 969 1950 arena.

129 1965 192 2002 Ne
211 1971 401 2003 nocturna
419 1965 575 2014 quidem
595 1972 796 2015 carpentes
814 1978 933 2015 pensa
953 1965 1090 2015 puellae
1247 1966 1326 2003 390

130 2018 344 2056 Nescivere
364 2018 543 2064 hiemem,
563 2025 663 2056 testa
682 2032 768 2056 cum
789 2020 947 2057 ardente
968 2020 1144 2056 viderent

133 2071 353 2110 Scintillare
373 2071 511 2117 oleum,
533 2077 571 2109 et
590 2078 723 2120 putres
742 2084 987 2110 concrescere
1005 2072 1157 2121 fungos.

184 2124 270 2162 Nec
288 2124 416 2161 minus
436 2137 485 2161 ex
505 2125 619 2162 imbri
641 2126 738 2163 soles
758 2132 797 2164 et
817 2131 949 2174 aperta
968 2138 1104 2163 serena

130 2177 358 2226 Prospicere
377 2184 415 2215 et
435 2179 549 2215 certis
570 2179 711 2226 poteris
731 2191 960 2228 cognoscere
979 2179 1115 2227 signis.

130 2230 234 2268 Nam
254 2242 378 2279 neque
398 2237 480 2268 tum
500 2231 621 2268 stellis
641 2232 741 2269 acies
760 2234 897 2270 obtusa
915 2233 1080 2277 videtur,
1246 2232 1324 2270 395

130 2283 217 2321 Nec
236 2283 368 2321 fratris
387 2285 505 2321 radiis
525 2285 696 2322 obnoxia
715 2298 873 2334 surgere
893 2285 1020 2330 Luna,

133 2336 284 2374 Tenuia
302 2349 373 2374 nec
393 2337 489 2375 lanae
510 2350 578 2386 per
597 2339 734 2375 coelum
755 2339 897 2376 vellera
919 2339 1029 2383 ferri3

132 2389 222 2427 Non
243 2390 416 2440 tepidum
435 2391 483 2429 ad
503 2392 621 2430 solem
642 2404 786 2441 pennas
807 2393 846 2430 in
866 2393 978 2431 litore
998 2393 1173 2442 pandunt
