1508 2641
179 171 236 223 1.]
595 169 942 209 GEORGICON.
1324 172 1337 207 ι
1352 173 1365 208 ι

182 279 342 327 Semper
364 278 440 315 sole
459 279 613 322 rubens,
634 287 673 315 et
691 278 838 314 torrida
857 289 1008 325 semper
1028 277 1075 313 ab
1095 277 1176 324 igni
1199 291 1208 320 ;

181 331 305 377 Quam
327 332 472 368 circum
492 337 675 368 extremae
695 331 832 368 dextra
852 331 1027 377 laevaque
1046 331 1266 375 trahuntur,
1288 331 1364 366 235

181 385 356 422 Caerulea
373 384 496 432 glaeie
513 391 698 421 concretae
719 391 834 432 atque
854 384 1043 420 imbribus
1062 384 1171 420 atris:

179 437 265 475 Has
285 438 385 474 inter
405 438 645 485 mediamque
665 438 749 474 duae
768 437 995 474 mortalibus
1015 437 1128 488 aegris

181 491 347 528 Munere
366 503 553 528 concessae
571 491 722 534 divum3
742 496 780 527 et
800 491 863 527 via
883 497 986 527 secta
1004 503 1072 538 per
1091 491 1234 534 ambas

181 543 372 590 Obliquus
391 557 466 592 qua
486 556 525 580 se
546 544 742 592 signorum
763 550 931 580 verteret
951 544 1058 580 ordo.

179 596 365 641 Mundus,
388 603 430 633 ut
449 598 497 633 ad
520 596 717 646 Scythiam
738 597 996 645 Rhipaeasque
1013 597 1154 633 arduus
1169 608 1275 633 arces
1290 596 1370 631 240

183 649 404 699 Consurgit,
427 651 616 698 premitur
635 650 770 699 Libyae
790 651 962 687 devexus
983 651 1022 686 in
1045 650 1225 687 Austros.

179 701 258 739 Hic
278 710 415 740 vertex
434 704 544 740 nobis
564 716 713 752 semper
734 703 923 739 sublimis:
944 709 982 740 at
1002 703 1111 739 illum

182 757 262 793 Sub
282 757 444 805 pedibus
468 756 569 805 Styx
591 763 674 793 atra
692 757 798 793 videt
821 757 1034 805 Manesque
1053 755 1249 804 profundi.

179 809 390 847 Maxumus
410 810 472 846 hic
491 810 596 847 flexu
616 811 770 847 sinuoso
790 810 955 847 elabitur
976 810 1131 858 Anguis

180 861 338 900 Circum
365 875 509 911 perque
527 864 622 900 duas
640 864 682 899 in
701 876 846 901 morem
864 863 1035 900 fluminis
1055 863 1208 906 Arctos,
1292 863 1368 898 245

178 917 321 953 Arctos
344 916 488 954 Oceani
507 923 722 953 metuentes
742 929 894 964 aequore
916 916 1058 964 tingui.

179 968 278 1014 Illic,
299 975 342 1006 ut
361 970 577 1018 perhibent,
600 976 665 1006 aut
685 970 914 1018 intempesta
935 970 1022 1006 silet
1041 981 1132 1014 nox,

184 1022 343 1071 Semper
362 1029 401 1059 et
420 1024 577 1059 obtenta
596 1024 808 1059 densantur
827 1029 938 1060 nocte
959 1023 1145 1066 tenebrae3

181 1077 266 1112 Aut
286 1076 385 1112 redit
405 1088 427 1112 a
446 1076 557 1113 nobis
581 1077 733 1112 Aurora
752 1076 931 1123 diemque
949 1076 1110 1120 reducit,

180 1128 344 1175 Nosque
364 1129 430 1165 ubi
449 1130 596 1177 primus
617 1129 726 1176 equis
748 1129 888 1166 Oriens
908 1129 1066 1165 adflavit
1086 1128 1244 1174 anhelis,
1293 1130 1371 1164 250

180 1181 269 1218 Illic
289 1194 372 1218 sera
391 1183 533 1219 rubens
553 1183 728 1218 accendit
747 1183 894 1219 lumina
913 1182 1076 1230 Vesper.

181 1234 288 1271 Hinc
306 1240 555 1283 tempestates
575 1235 692 1272 dubio
712 1236 940 1284 praediscere
960 1235 1051 1271 caelo

178 1287 401 1332 Possumus,
421 1289 512 1325 hinc
531 1289 741 1337 messisque
761 1290 861 1324 diem
882 1295 1109 1336 tempusque
1130 1289 1299 1331 serendi;

181 1340 235 1377 Et
254 1341 407 1388 quando
426 1341 589 1377 infidum
608 1342 725 1378 remis
743 1342 941 1390 impellere
960 1354 1128 1378 marmor

182 1392 400 1430 Conveniat
408 1409 418 1438 ;
447 1395 601 1441 quando
620 1400 785 1431 armatas
805 1395 993 1431 deducere
1012 1394 1150 1431 classes
1158 1409 1169 1438 3
1293 1396 1370 1431 255

178 1447 265 1484 Aut
284 1448 553 1495 tempestivam
572 1448 681 1484 silvis
701 1454 875 1485 evertere
896 1448 1041 1496 pinum.

234 1500 319 1537 Nec
338 1499 483 1538 frustra
501 1502 700 1550 signorum
720 1502 848 1537 obitus
868 1502 1109 1549 speculamur
1128 1506 1165 1538 et
1186 1507 1305 1547 ortus,

181 1553 515 1601 Temporibusque
537 1567 668 1602 parem
687 1555 851 1591 diversis
870 1561 1036 1601 quatuor
1054 1567 1210 1591 annum.

180 1606 364 1655 Frigidus
384 1608 589 1654 agricolam
610 1608 641 1644 si
662 1608 814 1655 quando
833 1607 1003 1644 continet
1022 1608 1156 1652 imber,

181 1659 320 1704 Multa,
342 1659 469 1697 forent
487 1672 572 1707 quae
591 1673 682 1697 mox
704 1661 799 1697 coelo
819 1661 1060 1709 properanda
1080 1673 1225 1705 sereno,
1292 1662 1371 1698 260

182 1713 382 1750 Maturare
401 1713 531 1750 datur:
558 1714 698 1750 durum
718 1715 895 1762 procudit
915 1720 1043 1750 arator

181 1765 361 1803 Vomeris
381 1767 508 1803 obtusi
529 1767 699 1810 dentem3
720 1774 831 1804 cavat
851 1768 986 1804 arbore
1006 1767 1159 1810 lint1·es;

181 1819 267 1857 Aut
286 1820 414 1868 pecori
435 1820 589 1868 signum
608 1827 674 1857 aut
694 1833 873 1858 numeros
892 1821 1086 1869 impressit
1106 1821 1268 1858 acervis.

182 1872 393 1910 Exacuunt
414 1873 479 1910 alii
500 1873 620 1910 vallos
640 1873 844 1921 furcasque
864 1874 1049 1918 bicornes,

183 1927 318 1975 Atque
339 1926 528 1963 Amerina
548 1933 686 1975 parant
706 1927 819 1964 lentae
837 1927 1050 1964 retinacula
1070 1927 1154 1964 viti.
1296 1928 1372 1964 265

183 1978 300 2016 Nunc
319 1979 442 2016 facilis
459 1981 582 2016 -rubea
601 1987 756 2017 texatur
775 1981 909 2017 fiscina
928 1981 1056 2028 virga3

182 2031 301 2069 Nunc
320 2039 463 2069 torrete
481 2033 563 2081 igni
583 2032 726 2082 fruges,
748 2047 850 2070 nunc
870 2034 1039 2081 frangite
1059 2046 1165 2070 saxo.

186 2086 340 2133 Quippe
361 2086 477 2122 etiam
497 2087 605 2123 festis
625 2087 797 2134 quaedam
818 2099 998 2124 exercere
1018 2087 1154 2124 diebus

182 2137 259 2174 Fas
279 2145 318 2175 et
339 2137 430 2186 jura
450 2139 596 2176 sinunt:
617 2141 721 2177 rivos
741 2141 930 2177 deducere
950 2140 1055 2176 nulla

183 2191 337 2239 Religio
358 2193 493 2235 vetuit,
515 2194 635 2241 segeti
662 2194 900 2242 praetendere
921 2205 1062 2241 sepem,
1296 2193 1375 2231 270

183 2244 349 2281 Insidias
369 2245 504 2282 avibus
524 2247 661 2290 moliri,
682 2247 886 2283 incendere
906 2259 1054 2295 vepres,

182 2297 468 2345 Balantumque
487 2311 643 2347 gregem
663 2300 783 2337 fluvio
802 2312 969 2336 mersare
990 2299 1146 2336 salubri.

186 2350 295 2398 Saepe
315 2350 397 2386 oleo
418 2351 518 2386 tardi
538 2360 661 2389 costas
681 2354 848 2401 agitator
868 2353 974 2389 aselli

183 2403 342 2440 Vilibus
362 2409 429 2440 aut
448 2410 581 2441 onerat
600 2406 734 2453 pomis,
756 2406 998 2454 lapidemque
1019 2410 1217 2441 revertens

181 2456 367 2493 Incusum
390 2463 455 2493 aut
477 2463 569 2492 atrae
590 2470 751 2494 massam
774 2459 869 2506 picis
892 2459 984 2494 urbe
1004 2463 1186 2505 reportat.

1296 2457 1318 2491 to

1324 2456 1345 2494 «1

1352 2458 1373 2492 01
