1508 2641
164 201 262 254 1v.]
574 198 921 239 eEoReieoN.
1300 203 1347 242 51

213 310 362 347 Verum
384 308 448 346 ubi
469 309 645 346 ductores
658 307 739 345 acie
758 306 998 344 revocaveris
1018 308 1143 353 ambo,

161 364 341 402 Deterior
360 363 425 411 qui
448 362 563 406 visus,
585 374 683 406 eum,
706 373 754 397 ne
774 361 957 409 prodigus
973 361 1083 405 obsit,

161 417 270 454 Dede
291 417 392 459 neci;
421 415 555 452 melior
574 427 697 451 vacua
716 415 798 451 sine
818 420 953 462 regnet
979 415 1018 450 in
1039 414 1137 451 aula.
1301 419 1354 455 90

162 471 277 507 Alter
296 470 370 507 erit
391 468 548 505 maculis
569 481 662 505 auro
681 468 946 516 squalentibus
967 468 1121 511 ardens3

161 523 261 560 Nam
283 523 358 559 duo
378 528 468 558 sunt
486 534 642 570 genera:
672 521 735 558 hic
755 521 888 557 melior
907 521 1070 569 insignis
1091 527 1128 558 et
1149 534 1225 568 ore,

162 576 213 613 Et
233 576 361 612 rutilis
380 576 505 612 clarus
524 575 709 622 squamis;
736 574 801 610 ille
821 574 998 611 horridus
1018 575 1115 611 alter

162 629 332 673 Desidia,
352 630 542 677 latamque
561 629 718 664 trahens
737 627 924 676 inglorius
944 629 1085 672 alvum,

163 683 221 720 Ut
240 683 338 719 binae
359 695 494 730 regum
514 681 642 726 facies,
663 681 717 717 ita
737 693 896 728 corpora
916 681 1049 729 plebis.
1303 685 1353 722 95

162 735 342 783 Namque
362 735 446 772 aliae
468 741 598 783 turpes
618 735 790 779 horrent,
811 746 878 770 ceu
901 735 1057 782 pulvere
1078 735 1124 771 ab
1145 735 1222 773 alto

164 788 264 826 Cum
281 789 388 825 venit
408 794 446 825 et
466 788 566 825 sicco
586 793 727 824 terram
749 787 852 836 spuit
872 800 936 824 ore
957 788 1084 824 viator

163 841 329 884 Aridus3
358 841 509 878 elucent
530 842 612 878 aliae
632 847 669 878 et
690 841 840 889 fulgore
856 848 1068 885 coruscant,

164 895 359 932 Ardentes
380 908 472 931 auro
493 901 530 931 et
550 895 707 943 paribus
726 894 795 930 lita
814 906 973 943 corpora
992 895 1129 943 guttis.

165 947 259 985 Haec
281 949 405 996 potior
423 948 592 991 suboles3
621 948 710 984 hinc
729 948 813 984 coeli
834 953 1005 995 tempore
1026 954 1131 986 certo
1283 951 1358 988 100

167 1001 307 1038 Dulcia
327 1002 439 1038 mella
458 1013 621 1050 premes,
642 1013 712 1037 nec
731 1007 883 1038 tantum
903 1001 1042 1046 dulcia,
1063 1007 1251 1049 quantum

164 1054 217 1091 Et
236 1055 392 1104 liquida,
416 1061 453 1090 et
473 1055 613 1090 durum
634 1054 778 1091 Bacchi
799 1055 990 1091 domitura
1010 1067 1196 1103 saporem.

220 1108 278 1144 At
297 1120 382 1144 cum
405 1108 555 1144 incerta
574 1108 705 1144 volant
725 1107 895 1156 coeloque
915 1109 1095 1145 examina
1113 1109 1264 1154 ludunt,

167 1159 507 1209 Contemnuntque
526 1161 635 1197 favos
655 1166 693 1197 et
715 1161 858 1209 frigida
877 1166 978 1197 tecta
997 1161 1233 1210 relinquunt,

164 1214 372 1251 Instabiles
387 1215 534 1250 animos
553 1214 644 1250 ludo
663 1214 886 1262 prohibebis
905 1214 1024 1251 inani.
1286 1218 1358 1254 105

166 1267 250 1304 Nec
270 1279 431 1316 magnus
446 1267 651 1315 prohibere
670 1267 789 1304 labor.
849 1268 911 1303 Tu
930 1268 1087 1316 regibus
1106 1269 1186 1306 alas

166 1320 304 1368 Eripe3
329 1333 405 1356 non
425 1321 501 1356 illis
521 1320 722 1368 quisquam
742 1321 1013 1357 cunctantibus
1031 1321 1151 1358 altum

167 1373 231 1410 Ire
250 1373 338 1418 iter,
357 1378 424 1410 aut
444 1374 580 1409 castris
600 1373 756 1410 audebit
776 1373 919 1410 vellere
939 1375 1060 1422 signa.

168 1426 344 1463 Invitent
364 1428 508 1463 croceis
528 1427 701 1463 halantes
720 1427 879 1463 floribus
898 1427 1012 1472 horti,

168 1479 221 1516 Et
241 1485 368 1516 custos
388 1479 518 1516 furum
538 1486 652 1528 atque
673 1480 803 1516 avium
824 1492 910 1516 cum
931 1480 1028 1517 falce
1048 1480 1197 1530 saligna
1289 1484 1363 1520 110

169 1531 470 1581 Hellespontiaci
491 1539 618 1570 servet
643 1532 765 1569 tutela
785 1533 934 1582 Priapi.

169 1586 259 1633 Ipse
278 1587 455 1635 thymum
476 1586 662 1634 pinosque
683 1585 810 1622 ferens
830 1587 877 1623 de
899 1586 1095 1623 montibus
1115 1587 1203 1625 altis

170 1639 291 1676 Tecta
311 1645 411 1675 serat
431 1640 506 1675 late
525 1640 682 1683 circum,
704 1639 765 1676 cui
786 1639 877 1676 talia
896 1651 1016 1683 curae3

169 1692 260 1740 Ipse
277 1692 407 1729 labore
425 1704 582 1728 manum
601 1693 698 1728 duro
717 1698 828 1736 terat,
850 1693 932 1740 ipse
951 1692 1096 1730 feraces

170 1745 286 1794 Figat
305 1745 422 1781 humo
442 1746 602 1793 plantas,
624 1751 661 1782 et
681 1745 822 1783 amicos
842 1746 978 1794 irriget
997 1746 1151 1784 imbres.
1291 1749 1364 1785 115

224 1799 357 1847 Atque
374 1799 562 1847 equidem,
585 1804 761 1835 extremo
783 1799 820 1834 ni
835 1797 917 1846 jam
938 1801 1009 1836 sub
1029 1801 1105 1836 fine
1123 1800 1299 1838 laborum

170 1851 270 1888 Vela
288 1851 452 1896 traham,
471 1858 509 1888 et
529 1851 642 1888 terris
661 1851 840 1888 festinem
860 1853 1060 1889 advertere
1080 1866 1244 1901 proram,

172 1905 351 1942 Forsitan
372 1911 421 1947 et,
443 1904 606 1953 pingues
626 1905 756 1942 hortos
776 1917 860 1954 quae
881 1918 973 1942 cura
993 1906 1141 1943 colendi

174 1957 352 2003 Ornaret,
373 1970 560 2001 canerem,
583 1958 772 2006 biferique
792 1959 936 1995 rosaria
956 1957 1086 2002 Paest13

175 2010 338 2059 Quoque
356 2011 468 2048 modo
487 2012 588 2059 potis
607 2012 819 2059 gauderent
839 2012 976 2049 intuba
994 2012 1090 2049 rivis
1295 2015 1369 2052 120

173 2063 226 2101 Et
244 2065 388 2101 virides
408 2065 494 2113 apio
513 2065 618 2112 ripae,
640 2070 699 2101 τοι
702 2070 762 2101 tu
748 2077 839 2112 que
860 2077 928 2114 per
942 2066 1101 2102 herbam

176 2116 402 2154 Cresceret
394 2130 432 2153 in
453 2124 627 2154 ventrem
648 2118 837 2161 cucumis,
867 2130 937 2155 nec
958 2131 1042 2156 sera
1061 2125 1276 2157 comantem

175 2169 414 2215 Narcissum,
435 2177 502 2207 aut
521 2170 614 2207 flexi
634 2171 836 2208 tacuissem
857 2171 986 2208 vimen
1007 2173 1160 2209 acanthi

175 2222 446 2270 Pallentesque
464 2224 624 2261 hederas
645 2230 683 2262 et
702 2230 874 2261 amantes
894 2225 1007 2262 litora
1027 2232 1188 2275 myrtos.

175 2275 355 2324 Namque
375 2277 445 2312 sub
463 2277 628 2314 OEbaliae
649 2278 805 2314 memini
825 2291 885 2315 me
905 2279 1080 2315 turribus
1100 2279 1198 2324 altis,
1296 2281 1369 2317 125

178 2328 266 2374 Qua
284 2329 395 2377 niger
414 2329 610 2366 humectat
628 2330 812 2368 flaventia
831 2331 935 2367 culta
956 2330 1143 2376 Galaesus,

178 2382 386 2431 Corycium
406 2382 548 2419 vidisse
567 2395 708 2428 senem,
731 2384 791 2420 cui
814 2396 935 2432 pauca
953 2385 1078 2421 relicti

176 2435 327 2484 Jugera
344 2435 444 2472 ruris
465 2442 584 2480 erant,
607 2448 677 2473 nec
697 2437 836 2474 fertilis
857 2435 1127 2483 illajuvcncis‚
