1508 2641
151 196 255 250 ΙΙΙ.]
568 194 915 234 GEORGICON.
1292 199 1341 235 43

157 304 234 343 Sed
254 304 399 341 frustra
419 302 636 351 oppositum
655 303 854 340 trudentes
874 308 1028 351 pectore
1047 309 1216 341 montem

154 357 381 396 Comminus
401 357 633 393 obtruncant
654 355 766 401 ferro,
788 356 1037 404 graviterque
1057 356 1239 394 rudentes

154 411 330 454 Caedunt,
353 416 391 446 et
410 421 549 457 magno
568 409 647 446 laeti
668 409 833 446 clamore
851 415 1065 457 reportant.
1268 410 1345 450 375

153 465 235 512 Ipsi
255 464 296 500 in
316 462 475 500 defossis
496 463 685 511 specubus
706 475 838 499 secura
858 464 930 499 sub
950 462 1027 499 alta

155 517 246 555 Otia
265 523 385 565 agunt
406 523 520 560 terra,
541 521 799 564 congestaque
818 517 956 552 robora
975 521 1151 566 totasque

153 570 378 607 Advolvere
398 569 493 606 focis
512 569 648 615 ulmos,
669 569 827 617 ignique
847 570 997 606 dedere.

154 623 233 660 Hic
254 630 404 660 noctem
423 623 514 659 ludo
534 623 694 667 ducunt,
715 628 753 658 et
772 622 911 671 pocula
931 623 1009 658 laeti

152 675 361 713 Fermento
381 682 496 724 atque
516 676 634 712 acidis
654 675 858 712 imitantur
878 676 983 712 vitea
1003 675 1136 713 sorbis.
1268 677 1348 713 380

154 729 262 766 Talis
283 729 536 778 Hyperboreo
559 728 716 776 Septem
736 727 908 776 subjecta
926 729 1045 765 trioni

155 781 263 819 Gens
283 782 428 819 effrena
447 783 575 818 virum
596 782 758 830 Rhipaeo
777 782 956 818 tunditur
976 781 1095 827 Euro,

153 835 206 872 Et
226 836 416 884 pecudum
435 835 554 871 fulvis
574 834 727 872 velatur
746 847 904 883 corpora
924 835 1038 873 saetis.

210 888 251 927 Si
275 889 346 925 tibi
366 888 544 925 lanitium
565 901 676 933 curae,
693 890 860 937 primum
881 901 1016 937 aspera
1035 889 1133 926 silva

153 942 374 991 Lappaeque
392 942 604 990 tribulique
624 943 768 985 absint3
787 941 879 990 suge
898 941 1039 990 pabula
1058 942 1164 986 laeta3
1270 940 1346 981 385

156 995 427 1043 Continuoque
448 1007 585 1043 greges
606 995 709 1032 villis
727 995 812 1043 lege
831 995 1010 1032 mollibus
1030 995 1147 1034 albos.

155 1049 272 1086 Illum
292 1055 431 1094 autem,
453 1048 630 1097 quamvis
650 1049 749 1085 aries
769 1048 820 1085 sit
837 1048 1023 1085 candidus
1042 1048 1138 1097 ipse,

155 1102 282 1150 Nigra
302 1103 433 1139 subest
452 1101 527 1138 udo
547 1107 699 1138 tantum
719 1102 781 1138 cui
800 1101 934 1150 lingua
954 1102 1094 1150 palato,

156 1155 302 1203 Rejice‚
321 1167 370 1192 ne
390 1155 549 1192 maculis
569 1154 737 1192 infuscet
757 1154 900 1191 vellera
920 1154 1036 1203 pullis

154 1209 195 1246 N
198 1214 405 1252 ascentum,
427 1207 616 1256 plenoque
636 1208 754 1244 alium
774 1208 1026 1257 circumspice
1046 1220 1191 1257 campo.
1271 1209 1349 1247 390

156 1262 322 1298 Munere
341 1261 395 1298 sic
416 1261 530 1297 niveo
548 1261 655 1306 lance,
677 1261 709 1298 si
729 1261 885 1298 credere
905 1262 1065 1310 dignum
1087 1269 1158 1307 est,

155 1315 254 1360 Pan,
275 1315 369 1351 deus
389 1314 570 1350 Arcadiae
590 1320 740 1362 captam
760 1319 810 1359 te,
831 1313 956 1358 Luna,
978 1314 1127 1359 fefellit,

155 1368 204 1405 In
224 1380 380 1405 nemora
401 1367 477 1404 alta
498 1379 657 1411 vocans3
678 1379 747 1404 nec
767 1374 809 1404 tu
829 1367 1059 1415 adspernata
1079 1374 1294 1406 vocantem.

209 1422 278 1466 At,
299 1421 362 1458 cui
381 1420 491 1457 lactis
511 1433 626 1465 amor,
645 1421 811 1469 cytisum
829 1421 1003 1468 lotosque
1022 1420 1243 1468 frequentes

155 1474 245 1523 Ipse
266 1487 379 1511 manu
400 1474 593 1522 salsasque
612 1475 711 1510 ferat
728 1474 962 1522 praesepibus
981 1474 1131 1512 herbas,
1273 1475 1350 1513 395

157 1528 263 1564 Hinc
284 1534 320 1564 et
341 1533 470 1564 amant
489 1527 629 1563 fluvios
649 1527 782 1575 magis,
806 1533 844 1564 et
864 1527 986 1576 magis
1006 1528 1125 1565 ubera
1144 1528 1323 1574 tendunt,

157 1580 211 1617 Et
229 1581 319 1618 salis
339 1580 530 1618 occultum
552 1580 725 1616 referunt
744 1581 783 1616 in
803 1581 902 1617 lacte
922 1593 1110 1628 saporem.

158 1633 275 1670 Multi
288 1633 371 1681 jam
392 1639 567 1670 excretos
586 1634 793 1682 prohibent
812 1646 834 1670 a
853 1634 1040 1670 matribus
1059 1634 1198 1680 haedos,

158 1687 368 1735 Primaque
388 1686 542 1723 ferratis
562 1687 768 1735 praefigunt
788 1699 854 1723 ora
873 1687 1065 1734 capistris.

160 1739 274 1786 Quod
293 1746 476 1788 surgente
495 1739 557 1776 die
577 1739 742 1777 mulsere
762 1740 942 1788 horisque
963 1739 1123 1785 diurnis,
1271 1741 1352 1778 400

157 1793 284 1830 Nocte
304 1799 502 1842 premunt3
521 1793 623 1841 quod
637 1792 719 1840 jam
738 1794 907 1830 tenebris
929 1799 966 1830 et
986 1793 1064 1829 sole
1084 1793 1255 1840 cadente,

161 1846 243 1884 Sub
262 1847 387 1883 lucem
407 1852 614 1894 exportant,
634 1846 929 1883 calathis—adit
950 1847 1090 1894 oppida
1116 1853 1300 1895 pastor—-

159 1901 243 1936 Aut
263 1912 378 1948 parco
398 1900 474 1936 sale
495 1899 737 1947 contingunt,
758 1899 954 1949 hiemique
973 1907 1178 1948 reponunt.

212 1952 298 1990 Nec
317 1953 389 1989 tibi
410 1965 502 1990 cura
522 1965 660 1989 canum
680 1952 798 1990 fuerit
818 1959 1020 2001 postrema,
1041 1953 1108 1990 sed
1129 1965 1205 1991 una

159 2005 321 2043 Veloces
340 2005 489 2055 Spartae
508 2007 654 2043 catulos
673 2018 876 2055 acremque
896 2006 1109 2043 Molossum
1277 2008 1354 2044 405

160 2059 282 2096 Pasce
301 2072 385 2096 sero
406 2059 556 2108 pingui.
614 2058 837 2107 Numquam
858 2059 1084 2097 custodibus
1103 2059 1181 2096 illis

161 2112 404 2149 Nocturnum
426 2113 587 2149 stabulis
608 2111 732 2149 furem
752 2113 1007 2161 incursusque
1026 2113 1217 2161 luporum,

162 2167 247 2202 Aut
266 2165 474 2213 impacatos
496 2179 517 2203 a
537 2173 647 2214 tergo
666 2166 839 2203 horrebis
864 2166 1044 2202 Hiberos.

165 2218 274 2265 Saepe
299 2218 413 2254 etiam
433 2231 548 2256 cursu
567 2219 722 2256 timidos
742 2219 907 2268 agitabis
926 2231 1090 2267 onagros

162 2270 214 2306 Et
234 2270 393 2307 canibus
412 2270 593 2319 leporem,
615 2273 774 2309 canibus
796 2274 986 2309 venabere
1006 2272 1148 2309 damas.
1278 2274 1358 2309 410

164 2322 272 2372 Saepe
293 2323 503 2361 volutabris
524 2325 652 2372 pulsos
672 2326 914 2362 silvestribus
934 2337 1046 2372 apros

162 2376 326 2414 Latratu
347 2376 520 2414 turbabis
540 2390 675 2426 agens3
698 2386 922 2426 montesque
942 2389 1010 2426 per
1030 2377 1126 2414 altos

163 2429 367 2477 Ingentem
388 2429 552 2467 elamore
574 2443 722 2479 premes
744 2431 789 2467 ad
811 2431 907 2467 retia
927 2441 1096 2467 cervum.
