1508 2641
166 146 220 185 211.
227 144 247 198 ]
580 142 927 183 GssonetcoN.
964 155 970 160 ·
1306 146 1358 182 :23

168 255 235 290 An
255 265 371 297 mare,
392 252 491 300 quod
511 264 636 300 supra,
657 263 874 292 memorem,
897 249 1074 297 quodque
1090 250 1212 287 adluit
1226 249 1361 287 infra?

170 308 286 344 Anne
304 307 408 342 lacus
427 304 576 341 tantos?
596 310 647 349 te,
679 304 768 340 Lari
790 316 980 347 maxume,
1002 311 1128 351 teque,

172 359 374 397 Fluctibus
394 364 432 395 et
450 357 605 394 fremitu
628 358 851 405 adsurgens,
872 355 1035 395 Benace,
1050 357 1198 393 marino
1218 355 1235 393 ’ἓ
1287 358 1365 393 160

173 415 239 450 An
259 423 463 449 memorem
485 416 617 458 portus
636 411 879 457 Lucrinoque
898 409 1029 446 addita
1048 410 1227 454 claustra,

172 468 303 512 Atque
322 464 565 512 indignatum
584 464 734 512 magnis
750 464 979 500 stridoribus
999 474 1139 511 aequor,

175 517 275 556 ,Iulia
294 529 369 565 qua
389 523 506 564 ponto
527 518 640 565 longe
658 523 765 553 sonat
787 517 889 553 unda
907 515 1051 560 refuso,

174 571 479 620 Tyrrhenusque
497 569 609 606 fretis
627 569 850 605 immittitur
870 576 986 605 aestus
1006 568 1177 606 Avernis
1195 568 1213 605 Ρ

171 625 267 660 Haec
287 624 416 660 eadem
437 622 587 671 argenti
606 623 710 659 rivos
729 623 892 670 aerisque
920 622 1073 658 metalla
1291 621 1366 658 165

175 676 356 714 Ostendit
376 677 497 720 venis,
519 682 632 723 atque
653 688 745 712 auro
765 676 930 723 plurima
950 676 1079 711 fiuxit.

173 729 271 765 Haeo
290 741 412 777 genus
432 741 519 765 aere
538 729 677 772 virum,
702 729 852 765 Marsos
872 729 1090 776 pubemque
1113 726 1317 771 Sabellam,

173 781 468 828 Adsuetumque
487 782 587 818 malo
605 781 791 827 Ligurem
813 782 1052 829 Volscosque
1072 786 1230 817 verutos

173 835 329 871 Extulit
349 849 359 877 3
377 835 459 871 haeo
481 835 631 880 Decios,
654 833 802 871 Marios
822 847 1059 883 magnosque
1080 833 1276 877 Camillos,

178 888 375 936 Scipiadas
394 888 510 924 duros
531 888 644 932 bello,
663 894 701 924 et
720 894 769 931 te,
792 900 971 924 maxume
993 886 1136 930 Caesar,
1294 885 1370 924 170

179 939 256 986 Qui
275 952 379 977 nunc
399 941 583 977 extremis
604 941 709 977 Asiae
724 941 805 988 jam
826 941 951 977 victor
970 942 1009 975 in
1031 940 1110 977 oris

176 993 376 1030 Imbellem
398 994 541 1030 avertis
563 994 746 1030 Romanis
766 994 918 1030 arcibus
945 993 1099 1029 Indum.

180 1045 305 1091 Salve,
326 1059 466 1094 magna
484 1059 623 1095 parens
643 1046 810 1095 frugum,
836 1046 1017 1083 Saturnia
1035 1045 1163 1089 tellus,

176 1097 321 1148 Magna
342 1099 468 1135 virum
485 1111 495 1144 ;
515 1100 587 1136 tibi
607 1112 668 1136 res
686 1100 853 1147 antiquae
875 1099 999 1136 laudis
1019 1105 1057 1136 et
1077 1099 1171 1135 artis

177 1152 394 1200 Ingredior‚
414 1158 565 1188 sanctos
586 1165 699 1188 ausus
719 1153 916 1189 recludere
936 1151 1075 1196 fontes,
1296 1149 1370 1187 175

178 1205 457 1251 Asoraeumque
477 1217 571 1241 cano
592 1205 765 1242 Romana
784 1218 852 1253 per
871 1205 1011 1253 oppida
1031 1216 1198 1241 carmen.

230 1257 346 1294 Nune
367 1257 471 1294 locus
491 1270 670 1294 arvorum
690 1258 857 1306 ingeniis
875 1273 884 1301 3
904 1269 988 1306 quae
1009 1259 1146 1294 robora
1165 1257 1316 1305 cuique,

181 1309 278 1354 Quis
297 1311 411 1354 color,
433 1316 471 1346 et
490 1322 574 1358 quae
596 1311 646 1347 sit
665 1312 780 1347 rebus
800 1316 938 1347 natura
958 1310 1138 1347 ferendis.

179 1362 366 1399 Difficiles
386 1363 552 1410 primum
572 1371 683 1399 terrae
704 1363 894 1411 collesque
914 1363 1086 1412 maligni,

180 1416 326 1452 Tenuis
348 1416 412 1451 ubi
432 1417 568 1464 argilla
589 1422 626 1452 et
646 1417 814 1452 dumosis
836 1417 1006 1452 calculus
1026 1417 1142 1462 arvis,
1297 1416 1373 1451 180

178 1468 354 1504 Palladia
372 1469 539 1516 gaudent
558 1470 655 1506 silva
677 1469 824 1506 vivacis
845 1469 968 1505 olivae.

141 1525 144 1527 ’
179 1521 329 1558 Indicio
349 1527 406 1558 est
426 1528 549 1558 tractu
572 1535 734 1569 surgens
753 1523 915 1559 oleaster
935 1522 1067 1558 eodem

179 1574 388 1618 Plurimus,
411 1581 446 1610 et
468 1576 577 1611 strati
598 1576 724 1611 buccis
744 1576 987 1612 silvestribus
1007 1576 1104 1624 agri.

181 1627 239 1662 At
259 1638 342 1673 quae
363 1627 518 1675 pinguis
538 1629 676 1664 humus
697 1629 875 1676 dulcique
897 1629 1042 1675 uligine
1060 1629 1157 1668 laeta,

185 1678 338 1727 Quique
356 1679 538 1728 frequens
558 1681 687 1717 herbis
707 1689 744 1717 et
767 1681 905 1718 fertilis
926 1683 1050 1718 ubere-
1063 1693 1220 1729 campus
1242 1695 1252 1725 3
1300 1681 1373 1717 185

185 1732 346 1777 Qualem
366 1744 466 1781 saepe
486 1746 579 1770 cava
599 1735 739 1770 montis
760 1735 932 1771 convalle
952 1735 1116 1771 solemus

182 1785 392 1833 Despicere
411 1801 420 1829 ;
441 1787 515 1822 huo
539 1787 697 1823 summis
716 1787 919 1834 liquuntur
937 1788 1098 1836 rupibus
1119 1798 1260 1829 amnes,

181 1838 429 1887 Felicemque
450 1840 607 1876 trahunt
632 1841 765 1876 limum
786 1861 848 1885 —,
869 1841 1013 1888 quique
1033 1840 1159 1877 editus
1181 1841 1341 1884 Austro,

183 1891 235 1927 Et
256 1892 395 1928 filicem
416 1893 545 1928 curvis
565 1893 730 1930 invisam
752 1895 871 1941 pascit
891 1894 1030 1930 aratris
1054 1908 1063 1936 3

187 1943 262 1980 Hic
282 1945 352 1981 tibi
373 1946 599 1993 praevalidas
620 1947 710 1983 olim
730 1947 926 1995 multoque
946 1948 1110 1983 fluentes
1302 1947 1378 1984 190

189 1996 360 2034 Sufficiet
383 1998 536 2036 Baccho
555 2000 655 2036 vites
675 2013 683 2035 :
704 1999 766 2036 hio
786 1999 925 2037 fertilis
947 2011 1044 2044 uvae,

188 2049 266 2086 Hic
285 2050 420 2095 laticis,
441 2053 591 2100 qualem
613 2053 757 2101 pateris
776 2053 941 2090 libamus
961 2059 998 2090 et
1018 2065 1126 2097 auro,

188 2102 347 2139 Inflavit
366 2117 483 2152 quum
504 2106 660 2154 pinguis
678 2107 774 2142 ebur
795 2107 1022 2155 Tyrrhenus
1043 2107 1090 2143 ad
1120 2117 1216 2151 aras,

190 2153 380 2192 Lanrzibus
400 2164 437 2194 et
458 2160 593 2206 pandis
612 2159 802 2196 fumantia
821 2160 1016 2196 reddimus
1036 2166 1139 2196 exta.

192 2207 258 2243 Sin
280 2216 452 2246 armenta
470 2213 592 2260 magis
613 2213 782 2249 studium
804 2213 1022 2261 vitulosque
1042 2213 1154 2257 tueri,
1304 2213 1378 2248 195

193 2261 276 2296 Aut
296 2260 396 2298 fetus
416 2264 556 2309 ovium,
579 2272 645 2302 aut
666 2272 820 2302 urentes
841 2266 943 2302 culta
964 2266 1129 2314 capellas
1148 2280 1157 2309 3

195 2314 324 2350 Saltus
345 2321 381 2350 et
401 2318 520 2353 saturi
543 2319 660 2365 petito
680 2319 890 2366 longinqua
911 2319 1084 2363 Tarenti,

192 2366 242 2402 Et
264 2368 413 2415 qualem
435 2369 569 2406 infelix
591 2372 717 2408 amisit
738 2370 901 2409 Mantua
922 2384 1110 2420 campum,
