1508 2641
133 177 235 230 111.]
548 174 895 214 GEORGICON.
1274 179 1324 216 47

135 286 228 323 Non
248 285 362 333 lupus
381 283 540 321 insidias
560 283 737 331 explorat
757 282 874 320 ovilia
894 283 1050 328 circum,

135 340 220 376 Neo
239 338 422 387 gregibus
442 343 653 373 nocturnus
673 336 910 379 obambulat3
941 337 1065 373 acrior
1083 336 1194 373 illum

138 392 243 430 Cura
262 392 388 427 domat
407 404 417 432 ;
446 390 570 425 timidi
591 389 710 426 damae
730 390 912 437 cervique
930 389 1088 437 fugaces

136 446 254 483 Nunc
273 445 450 492 interque
470 455 582 479 canes
603 449 640 479 et
660 443 806 479 circum
826 450 927 480 tecta
949 449 1150 491 vagantur.
1249 444 1329 479 540

135 499 226 536 ‹Jam
247 497 364 534 maris
383 496 559 532 immensi
580 495 724 544 prolem
746 502 784 532 et
803 508 925 544 genus
945 509 1056 533 omne
1076 501 1276 532 natantum

137 551 270 588 Litore
290 550 329 586 in
351 555 534 593 extremo,
557 561 626 585 eeu
646 549 834 596 naufraga
853 561 1024 598 corpora,
1045 549 1186 586 fluctus

136 604 290 642 Proluit
307 618 317 647 ς
345 603 508 640 insolitae
528 602 684 650 fugiunt
703 602 743 637 in
763 602 923 638 flumina
944 603 1086 651 phocae.

136 657 277 694 Interit
298 663 337 693 et
355 656 485 692 curvis
507 654 652 692 frustra
671 654 828 691 defensa
850 656 1007 692 latebris

136 711 295 758 Vipera,
317 715 355 746 et
375 709 526 746 attoniti
548 708 716 756 squamis
735 708 977 745 adstantibus
995 708 1122 758 hydri.
1251 709 1329 745 545

136 763 238 811 Ipsis
259 769 317 799 est
336 769 402 799 aer
422 762 559 798 avibus
578 773 654 797 non
676 773 818 809 aequus,
841 768 878 798 et
898 761 973 797 illae

134 816 362 864 I'raecipites
381 815 458 852 alta
477 815 596 851 vitam
618 815 688 850 sub
709 815 811 851 nube
826 815 1062 863 relinquunt·

137 870 332 906 Praeterea
345 867 428 916 jam
448 881 519 905 nec.
538 868 679 904 mutari
700 868 841 916 pabula
860 867 990 912 refert,

140 921 395 970 Quaesitaeque
414 927 553 958 nocent
573 928 674 958 artes
693 935 702 963 3
731 933 879 958 cessere
899 922 1084 969 magistri,

137 976 375 1024 Phillyrides
397 974 543 1012 Chiron
563 973 927 1023 Amythaoniusque
949 974 1178 1024 Melampus.
1254 977 1333 1012 550

143 1029 264 1066 Saevit
284 1034 322 1065 et
340 1028 381 1064 in
401 1027 525 1064 lucem
550 1026 698 1076 Stygiis
718 1028 855 1064 emissa
875 1028 1046 1065 tenebris

138 1081 290 1120 Pallida
311 1081 523 1129 Tisiphone
542 1078 702 1117 Morbos
721 1081 803 1128 agit
821 1088 911 1118 aute
933 1082 1171 1130 Metumque,

140 1135 266 1183 Inque
287 1135 368 1171 dies
387 1134 545 1170 avidum
566 1146 727 1182 surgens
747 1141 862 1182 caput
883 1134 996 1171 altius
1016 1134 1139 1172 effert.

139 1187 280 1225 Balatu
299 1199 481 1236 pecorum
502 1193 539 1223 et
559 1186 704 1223 crebris
723 1187 936 1235 mugitibus
957 1200 1088 1225 amnes

141 1239 386 1288 Arentesque
407 1244 545 1276 sonant
565 1240 659 1287 ripae
678 1239 870 1289 collesque
890 1241 1033 1289 supini.
1255 1243 1332 1278 555

138 1294 309 1342 Jamque
329 1294 556 1330 catervatim
577 1294 642 1329 dat
662 1303 838 1341 stragem,
861 1301 977 1342 atque
996 1300 1156 1343 aggerat
1176 1294 1270 1343 ipsis

138 1347 188 1383 In
208 1346 370 1384 stabulis
389 1346 493 1394 turpi
513 1346 660 1394 dilapsa
679 1346 866 1383 cadavera
886 1348 974 1383 tabo
993 1360 1001 1383 :

140 1397 274 1436 Donec
292 1400 409 1435 humo
429 1407 560 1447 tegere
580 1411 622 1435 ae
642 1398 765 1436 foveis
785 1400 1019 1437 abscondere
1039 1400 1206 1437 discunt.

140 1452 244 1490 Nam
265 1464 388 1500 neque
408 1460 490 1489 erat
509 1453 623 1488 coriis
645 1465 748 1496 usu&
768 1465 838 1489 nee
859 1453 1006 1490 viscera
1024 1454 1227 1502 quisquam

141 1504 226 1542 Aut
246 1506 359 1541 undis
379 1506 530 1541 abolere
551 1511 688 1552 potest,
709 1512 776 1541 aut
796 1507 950 1543 vincere
969 1507 1137 1544 flamma.
1258 1509 1336 1545 560

141 1558 206 1595 Ne
224 1559 384 1595 tondere
403 1559 557 1606 quidem
578 1559 711 1594 morbo
729 1559 941 1606 illuvieque
962 1573 1094 1608 peresa

142 1611 314 1656 Vellera,
333 1624 404 1648 nec
424 1612 518 1648 telas
539 1618 699 1659 possunt
719 1613 910 1660 attingere
929 1620 1061 1661 putres
1081 1628 1090 1657 ;

142 1662 288 1700 Verum
309 1664 437 1708 etiam,
459 1665 604 1701 invisos
625 1665 655 1700 si
676 1665 763 1712 quis
783 1671 950 1702 tentarat
970 1667 1144 1711 amictus,

141 1717 338 1754 Ardentes
356 1717 505 1766 papulae
526 1725 641 1765 atque
660 1718 880 1755 immundus
899 1719 1041 1756 olentia
1061 1721 1177 1758 sudor

143 1769 322 1807 Membra
342 1772 583 1820 sequebatur,
606 1783 676 1807 nec
695 1771 810 1820 longa
829 1772 967 1810 deinde
986 1774 1153 1811 moranti
1258 1776 1334 1813 565

145 1823 337 1872 Tempore
357 1829 552 1861 contactos
573 1831 680 1861 artus
700 1836 806 1862 sacer
825 1826 931 1875 iguis
951 1827 1100 1864 edebat.

546 2170 662 2180 ww
669 2171 787 2180 “Al-Amr
799 2171 923 2180 ananau.
