1493 2641
77 189 128 224 44
373 185 417 222 P.
450 182 586 223 VIRG
595 184 698 222 ILII
729 183 990 223 MARONIS
1161 183 1272 235 [Lm.

132 293 248 331 Disce
267 299 304 329 et
325 292 522 329 odoratam
542 292 704 329 stabulis
723 292 931 329 accendere
951 292 1122 338 cedrum,

77 346 357 394 Galbaneoque
376 345 525 394 agitare
545 358 683 393 graves
703 346 838 382 nidore
857 345 1071 394 chelydros
1195 347 1273 382 415

79 404 191 447 ffiaepe
211 401 281 436 sub
301 398 471 435 immotis
493 400 725 447 praesepibus
745 405 811 435 aut
831 399 930 435 mala
947 405 1055 436 tactu

73 453 221 501 Vipera
241 453 409 497 delituit,
429 452 644 500 coelumquc
664 452 852 489 exterrita
872 453 990 500 fugit;

74 507 159 543 Aut
176 513 278 543 tecto
298 506 479 542 adsuetus
499 506 655 542 coluber
676 506 879 542 succedere
899 512 936 542 et
958 506 1115 549 umbrae,

73 559 201 597 Pestis
222 560 359 596 acerba
378 560 506 603 boum,
527 559 732 608 pecorique
752 559 982 607 adspergere
1003 559 1123 603 virus,

74 612 192 650 Fovit
220 613 395 649 humum.
455 611 562 660 Cape
582 624 676 649 saxa
695 625 823 656 manu,
845 624 938 660 cape
958 613 1107 657 robora,
1128 617 1271 661 pastor,

76 666 372 713 Tollentemque
392 665 515 702 minas
536 672 573 702 et
594 665 706 702 sibila
725 665 821 702 colla
842 671 1052 702 tumentem
1195 666 1268 702 421

73 718 225 767 Dejice:
240 718 399 768 jamque
419 718 513 767 fuga
533 719 712 755 timidum
732 725 848 767 caput
867 719 1014 755 abdidit
1035 719 1120 764 alte,

75 770 205 818 Quu'm
227 773 341 809 medii
361 785 486 809 nexus
504 778 764 820 extremaeque
783 772 937 820 agmina
958 773 1088 808 caudae

77 825 302 870 Solvuntur,
325 826 530 874 tardosque
549 825 668 862 trahit
690 827 797 862 sinus
818 825 977 861 ultimus
996 827 1120 862 orbes.

73 879 146 916 Est
166 880 281 916 etiam
302 879 367 916 ille
387 880 509 916 malus
531 878 706 916 Calabris
727 879 766 914 in
788 878 950 915 saltibus
970 879 1120 927 anguis,
1195 879 1272 914 425

75 931 266 981 Squamea
285 932 520 969 convolvens
540 932 692 969 sublato
712 937 865 980 pectore
885 937 995 979 terga

73 983 208 1034 Atque
227 986 331 1022 notis
350 986 506 1034 longam
525 985 743 1022 maculosus
762 985 976 1033 grandibus
996 984 1142 1021 alvum:

75 1037 165 1085 Qui,
187 1040 278 1076 dum
299 1051 431 1076 amnes
452 1038 521 1074 ulli
540 1044 776 1086 rumpuntur
794 1038 979 1082 fontibus,
1002 1045 1040 1075 et
1060 1038 1152 1074 dum

73 1091 178 1130 Vere
199 1093 356 1129 madent
377 1092 451 1129 udo
471 1098 583 1129 terrae
604 1105 647 1129 ac
664 1091 900 1140 pluvialibus
919 1091 1071 1136 austris,

75 1144 220 1195 Stagna
239 1146 342 1191 colit,
364 1146 536 1194 ripisque
556 1145 747 1188 habitans,
769 1145 832 1181 hic
853 1145 1023 1193 piscibus
1043 1152 1166 1182 atram
1195 1145 1274 1182 430

73 1199 280 1248 Improbus
300 1199 517 1247 ingluviem
537 1199 719 1245 ranisque
738 1198 964 1246 loquacibus
985 1198 1134 1246 explet;

72 1252 284 1300 Postquam
306 1258 445 1289 exusta
466 1253 574 1299 palus
594 1258 784 1300 terraeque
804 1252 939 1288 ardore
963 1252 1178 1296 dehiscunt,

74 1305 222 1342 Exsilit
236 1306 277 1341 in
298 1306 456 1350 siccum,
476 1311 514 1341 et
535 1305 772 1341 flammantia
792 1305 938 1341 lumina
956 1312 1140 1353 torquens

75 1357 193 1396 Saevit
213 1359 316 1408 agris
336 1370 524 1407 asperque
544 1358 609 1395 siti
631 1365 746 1406 atque
769 1358 983 1395 exterritus
1003 1364 1111 1395 aestu.

72 1413 136 1450 Ne
155 1413 250 1449 mihi
270 1418 353 1449 tum
374 1412 507 1448 molles
528 1412 599 1448 sub
619 1412 710 1447 divo
730 1423 888 1460 carpere
908 1424 1072 1455 somnos,
1191 1411 1270 1447 435

73 1465 162 1502 Neu
184 1467 298 1503 dorso
317 1465 484 1502 nemoris
505 1465 622 1501 libeat
640 1464 808 1511 jacuisse
828 1477 897 1513 per
917 1466 1071 1502 herbas:

74 1519 173 1556 Cum
196 1519 329 1567 positis
350 1530 473 1555 novus
494 1518 648 1554 exuviis
670 1518 892 1566 nitidusque
906 1517 1073 1565 juventa

71 1573 269 1618 Volvitur,
292 1578 358 1609 aut
378 1571 525 1609 catulos
545 1571 656 1607 tectis
676 1576 744 1607 aut
763 1584 836 1608 ova
856 1573 1091 1620 relinquens,

73 1627 235 1663 Arduus
256 1626 304 1663 ad
323 1625 455 1669 solem,
475 1630 514 1661 et
533 1624 677 1673 linguis
696 1624 813 1661 micat
832 1637 897 1662 ore
917 1625 1101 1661 trisulcis.

129 1680 357 1716 Morborum
378 1690 531 1727 quoque
552 1685 590 1714 te
611 1690 744 1714 causas
765 1684 803 1714 et
824 1679 934 1727 signa
954 1679 1112 1715 docebo.
1195 1679 1274 1714 440

74 1733 218 1782 Turpis
239 1745 332 1769 oves
351 1737 475 1769 tentat
495 1731 653 1775 scabies,
677 1731 743 1768 ubi
765 1730 931 1779 frigidus
951 1732 1075 1768 imber

71 1787 207 1823 Altius
226 1786 275 1823 ad
296 1786 430 1822 vivum
452 1784 622 1834 persedit
642 1791 680 1821 et
700 1785 856 1822 horrida
876 1798 972 1822 cano

71 1839 220 1877 Bruma
240 1839 328 1889 gelu
346 1850 355 1884 3
378 1839 439 1875 vel
459 1850 546 1875 cum
565 1839 688 1874 tonsis
707 1838 838 1875 illotus
858 1838 1019 1875 adhaesit

76 1894 214 1938 Sudor,
236 1899 275 1930 et
294 1892 434 1929 hirsuti
456 1897 663 1928 secuerunt
683 1904 843 1940 corpora
863 1904 1011 1940 vepres.

72 1946 264 1983 Dulcibus
284 1946 428 1982 idcirco
447 1944 580 1981 fluviis
601 1957 717 1992 pecus
738 1957 850 1981 omne
869 1945 1044 1993 magistri
1193 1945 1270 1980 445

71 1999 331 2044 Perfundunt,
355 1999 516 2046 udisque
537 1998 635 2035 aries
654 1999 694 2033 in
714 1999 870 2046 gurgite
891 1998 996 2035 villis

73 2053 282 2097 Mersatur,
304 2052 519 2100 missusque
540 2052 708 2088 secundo
728 2052 862 2088 defluit
884 2052 1004 2094 amni3

71 2107 158 2143 Aut
178 2112 331 2143 tonsum
351 2105 454 2142 tristi
475 2105 709 2152 contingunt
729 2117 868 2152 corpus
889 2117 1057 2149 amurca,

71 2159 125 2196 Et
145 2172 301 2208 spumas
321 2159 483 2195 miscent
504 2158 654 2204 argenti
676 2164 714 2194 et
734 2158 884 2195 sulfura
904 2158 996 2195 viva

70 2213 271 2260 Idaeasque
291 2212 396 2261 pices
416 2217 454 2248 et
474 2211 638 2259 pingues
659 2211 832 2259 unguine
851 2224 970 2256 ceras,
1193 2211 1273 2248 450

73 2266 307 2315 scillamque
328 2265 591 2311 elleborosque
610 2276 749 2312 graves
771 2264 1002 2313 nigrumque
1022 2265 1213 2301 bitumen.

70 2319 161 2357 Non
183 2325 313 2356 tamen
334 2318 411 2355 ulla
430 2318 553 2366 magis
576 2329 743 2365 praesens
762 2317 918 2354 fortuna
939 2319 1111 2354 laborum
1133 2324 1206 2362 est,

72 2372 198 2417 Quam
219 2373 249 2410 si
270 2372 357 2421 quis
377 2370 480 2409 ferro
501 2371 626 2419 potuit
647 2371 864 2408 rescindere
886 2383 1079 2408 summum

70 2426 226 2463 Ulceris
247 2438 301 2464 os.
361 2425 495 2462 Alitur
515 2424 655 2462 vitium
677 2424 854 2473 vivitque
872 2425 1048 2474 tegendo,
