1493 2641
163 179 216 214 26
462 178 506 214 P.
539 176 784 216 VIRGILII
817 176 1076 216 MARONIS

1241 174 1261 226 5⁴⁵4

1263 176 1295 213 [a

1299 187 1340 213 3!

161 282 409 330 Directaeque
435 284 548 329 acies,
568 297 612 322 ac
631 285 706 321 late
726 285 887 322 fluctuat
906 284 1029 321 omnis

162 336 260 373 AEre
280 337 471 374 renidenti
491 337 616 382 tellus,
637 350 708 375 nec
727 339 817 374 dum
836 338 993 375 horrida
1012 337 1173 374 miscent

161 389 314 435 Praelia,
334 390 401 427 sed
420 390 560 427 dubius
580 391 715 427 mediis
736 391 845 428 Mars
865 398 967 428 errat
986 392 1026 426 in
1047 390 1179 427 armis:

161 441 302 479 Omnia
322 442 400 479 sint
419 443 576 491 paribus
596 444 766 480 numeris
785 445 958 481 dimensa
977 445 1146 485 vim—unu

159 494 251 532 Non
271 496 442 532 animum
462 497 575 533 modo
594 497 650 532 uti
672 504 801 544 pascat
821 504 1044 546 prospectus
1064 499 1229 543 inanem,
1272 497 1355 534 285-

162 548 238 584 Sed
258 549 349 596 quia
369 561 446 586 non
466 549 578 585 aliter
600 550 701 586 vires
721 550 827 587 dabit
846 551 1024 587 omnibus
1045 562 1173 597 aequas

159 600 293 646 Terra,
314 613 440 648 neque
460 602 499 637 in
521 614 686 638 vacuum
706 610 888 651 poterunt
907 616 948 640 se
967 605 1177 641 extendere
1195 603 1310 641 rami,

211 655 394 691 Forsitan
415 661 464 699 et,
486 655 685 692 scrobibus
705 667 790 703 quae
810 657 888 694 sint
908 656 1076 705 fastigia,
1097 669 1257 705 quaeras.

157 708 300 745 Ausim
320 708 383 745 vel
401 708 509 746 tenui
529 709 649 745 vitem
665 710 904 747 committere
925 710 1049 754 sulco;

155 761 288 798 Altior
307 773 350 798 ac
371 762 524 809 penitus
546 768 656 799 terrae
675 763 857 811 defigitur
875 764 986 801 arbos
994 778 1004 807 3
1273 765 1358 801 290

156 814 343 851 AEsculus
363 815 402 850 in
424 815 572 863 primis,
595 827 690 862 quae,
712 823 898 863 qnantum
921 817 1066 854 vertice
1087 816 1134 854 ad
1153 829 1267 854 auras

157 867 369 912 AEtherias,
392 875 541 905 tantum
562 869 691 906 radice
709 870 750 905 in
781 869 946 906 Tartara
965 870 1100 907 tendit.

155 921 262 970 Ergo
281 934 357 958 non
379 922 524 959 hiemes
544 922 662 967 illam,
679 935 757 959 non
776 922 898 960 flabra
918 934 1044 970 neque
1063 923 1209 961 imbres

155 974 409 1017 Convellunt3
428 975 587 1011 immota
606 982 748 1019 manet,
769 975 987 1022 multosque
1007 982 1182 1024 nepotes,

156 1029 284 1065 Multa
303 1029 431 1065 virum
454 1029 616 1065 volvens
635 1029 811 1065 durando
832 1029 971 1065 saeeula
989 1029 1132 1073 vincit3
1272 1029 1355 1067 295

153 1082 256 1119 Tum
276 1081 397 1119 fortes
417 1082 493 1119 late
513 1094 639 1118 ramos
659 1088 698 1118 et
718 1082 875 1119 brachia
895 1082 1057 1119 tendens

155 1135 246 1172 Huc
265 1135 371 1180 illuc,
392 1136 518 1172 media
537 1135 621 1183 ipsa
643 1135 841 1184 ingentem
862 1135 1027 1172 sustinet
1047 1137 1235 1173 umbram.

206 1189 320 1226 Neve
339 1189 412 1226 tibi
433 1189 480 1225 ad
501 1189 618 1225 solem
640 1195 805 1238 vergant
826 1189 956 1226 vineta
975 1189 1193 1233 cadentem3

152 1242 267 1280 Neve
286 1242 393 1279 inter
414 1242 512 1279 vites
531 1241 708 1279 corulum-
724 1255 807 1279 sere
815 1257 827 1286 3
845 1254 943 1279 neve
961 1242 1114 1291 flagella

155 1296 314 1334 Summa
326 1301 425 1345 pete,
441 1301 508 1332 aut
525 1308 673 1332 summa
686 1295 864 1344 defringe
878 1308 929 1332 ex
942 1297 1078 1333 arbore
1093 1296 1260 1345 plantas:
1277 1297 1361 1333 3002

153 1349 304 1388 Tantus
324 1362 431 1386 amor
451 1355 582 1392 terrae3
603 1361 679 1385 neu
700 1348 803 1385 ferro
823 1349 918 1385 laede
938 1356 1073 1386 retuso-

155 1403 329 1447 Semina3
350 1415 449 1440 neve
463 1402 559 1439 'olcae
580 1402 778 1439 silvestres
797 1402 925 1439 insere
945 1408 1122 1440 truncos:

154 1458 258 1494 Nam
278 1469 379 1505 saepe
399 1456 567 1493 incautis
589 1456 807 1503 pastoribus
827 1456 975 1493 excidit
995 1456 1110 1504 ignis,

157 1510 246 1558 Qui,
267 1509 401 1546 furtim
422 1509 559 1558 pingui
580 1509 748 1558 primum
768 1510 840 1546 sub
860 1509 1002 1546 cortice
1022 1515 1158 1553 tectus,

155 1565 310 1601 Robora
329 1563 581 1611 comprendit,
603 1562 836 1610 frondesque
856 1563 1008 1612 elapsus
1027 1563 1067 1599 in
1087 1563 1185 1601 altas
1277 1564 1359 1600 305

155 1619 362 1667 Ingentem
383 1616 479 1654 coelo
494 1616 664 1653 sonitum
681 1617 804 1660 dedit3
823 1616 914 1653 inde
934 1622 1091 1654 secutus

154 1672 234 1709 Per
253 1683 379 1708 ramos
399 1670 524 1706 victor
543 1681 689 1719 perque
709 1669 786 1707 alta
807 1670 1007 1707 cacumina
1027 1675 1179 1719 regnat,

159 1726 210 1762 Et
227 1730 351 1762 totum
370 1723 538 1760 involvit,
557 1723 722 1760 flammis
741 1736 889 1768 nemus,
912 1729 951 1760 et
969 1723 1049 1760 ruit
1068 1731 1191 1761 atram

159 1779 226 1817 Ad
246 1778 384 1816 eoelum
403 1778 512 1826 picea
531 1789 682 1814 crassus
702 1777 868 1826 caligine
888 1778 1049 1821 nubem;

158 1832 382 1870 Praesertim
404 1831 436 1867 si
458 1837 665 1879 tempestas
685 1844 707 1868 a
727 1831 874 1868 vertice
895 1831 1003 1867 silvis
1278 1830 1361 1866 310

159 1885 357 1930 Incubuit,
378 1885 645 1934 glomeratque
664 1884 791 1922 serens
817 1885 996 1921 incendia
1015 1889 1170 1921 ventus.

162 1941 249 1977 Hoc
269 1939 347 1983 ubi,
368 1950 446 1975 non
466 1951 488 1975 a
508 1938 626 1987 stirpe
647 1938 778 1975 valent
797 1949 979 1986 caesaeque
998 1937 1142 1974 reverti

160 1994 332 2031 Possunt
351 1998 466 2041 atque
485 1991 563 2028 ima
582 1991 726 2028 similes
746 1992 980 2029 revirescere
1000 1998 1116 2036 terra3

162 2047 310 2085 Infelix
329 2052 485 2095 superat
505 2045 607 2082 foliis
627 2045 790 2082 oleaster
810 2045 963 2082 amaris.

216 2100 302 2137 Nec
310 2099 381 2136 tibi
395 2105 474 2136 tam
486 2099 658 2148 prudens
671 2099 875 2146 quisquam
891 2097 1121 2147 persuadeat
1135 2099 1299 2135 auctorss
1309 2098 1355 2133 15

164 2154 362 2192 Tellurem
383 2152 509 2190 Borea
527 2152 693 2201 rigidam
714 2153 884 2200 spirante
903 2164 1070 2189 movere.

164 2209 273 2245 Rura
291 2207 379 2255 gelu
401 2213 483 2243 tum
503 2206 647 2243 claudit
666 2206 788 2242 hiems
796 2220 806 2250 ;
826 2218 896 2243 nec
916 2205 1061 2243 semine
1075 2204 1181 2253 jacto

165 2261 396 2300 Concretam
424 2260 569 2308 patitur
589 2259 754 2296 radicem
776 2259 944 2308 adfigere
964 2265 1090 2296 terrae.

167 2315 337 2363 Optuma
358 2314 498 2350 vinetis
518 2313 627 2358 satio,
649 2325 736 2350 cum
757 2325 847 2350 vere
866 2313 1022 2350 rubenti

167 2367 342 2405 Candida
364 2367 469 2403 venit
488 2367 572 2404 avis
591 2367 716 2415 longis
736 2366 861 2403 invisa
880 2366 1066 2410 colubris;
1281 2364 1362 2401 320

167 2420 299 2458 Prima
320 2420 381 2457 vel
402 2421 598 2457 auctumni
619 2421 691 2458 sub
711 2419 869 2469 frigora,
892 2432 979 2458 cum
1000 2419 1157 2470 rapidus
1180 2417 1246 2456 Sol
