1493 2641
118 180 165 216 12
409 179 454 217 P.
486 178 735 217 VIRGILII
766 178 1026 218 MARONIS
1198 178 1310 232 [Lm.

165 285 256 334 Ipsa
275 286 357 323 dies
377 286 472 323 alios
492 286 567 323 alio
585 285 691 322 dedit
711 286 846 322 ordine
866 285 978 323 Luna

110 338 260 376 Felices
280 351 455 387 operum:
476 339 652 387 quintam
671 339 781 388 fuge3
802 339 967 388 pallidus
989 338 1114 378 Orcus

110 391 425 440 Eumenidesque
446 400 553 435 satae3
574 398 657 429 tum
678 398 791 440 partu
815 393 938 430 Terra
957 392 1124 430 nefando

112 444 328 494 Coeumque
348 446 603 494 Iapetumque
623 452 739 490 creat,
761 446 1192 496 saevumqueTyphoea,

109 499 162 535 Et
182 498 401 546 conjuratos
421 499 560 535 coelum
580 498 799 536 rescindere
821 499 973 536 fratres.
1227 500 1308 537 280

110 552 191 589 Ter
210 558 300 589 sunt
318 552 446 589 conati
465 552 662 600 imponere
683 552 794 589 Pelio
816 551 954 590 Ossam

112 605 278 651 Scilicet,
299 610 414 652 atque
436 604 542 642 Ossae
562 605 786 643 frondosum
806 606 1005 643 involvere
1027 605 1257 655 Olympum;

109 658 189 695 Ter
211 658 329 695 Pater
348 664 567 696 exstructos
587 658 739 706 disjecit
759 659 921 696 fulmine
941 666 1107 696 montes.

110 709 293 760 Septuma
313 717 397 759 post
418 712 616 749 decumam
637 712 744 757 felix,
766 720 805 750 et
825 725 966 760 ponere
986 713 1118 758 vitem,

108 765 160 800 Et
181 777 338 812 prensos
357 766 545 802 domitare
564 767 695 810 boves,
718 772 755 802 et
776 766 865 802 licia
883 766 970 803 telae
1227 767 1306 803 285

110 817 287 861 Addere;
307 831 408 855 nona
426 817 528 867 fugae
547 819 696 864 melior,
716 819 909 856 contraria
928 819 1056 856 furtis.

163 868 291 908 Multa
310 872 405 908 adeo
424 873 552 920 gelida
573 872 710 909 melius
729 885 770 909 se
791 879 903 909 nocte
923 873 1074 917 dedere,

105 924 192 960 Aut
211 937 299 961 cum
320 925 399 961 sole
418 938 520 961 novo
540 931 664 962 terras
683 926 827 962 irrorat
847 926 965 962 Eous-

106 977 234 1014 Nocte
254 978 358 1014 leves
378 977 515 1015 melius
537 979 699 1026 stipulae,
724 984 834 1015 nocte
854 979 964 1015 arida
983 984 1094 1026 prata

108 1030 355 1074 Tondentur3
374 1038 506 1068 noctes
528 1031 656 1068 lentus
677 1044 754 1067 non
775 1032 906 1069 deficit
926 1032 1078 1068 humor.
1229 1032 1309 1070 290

106 1083 159 1120 Et
178 1084 334 1132 quidam
355 1096 458 1121 seros
479 1084 633 1121 hiberni
654 1085 701 1122 ad
723 1085 880 1121 luminis
900 1085 1012 1133 ignes

105 1137 335 1184 Pervigilat‚
356 1138 536 1186 ferroque
556 1137 658 1175 faces
678 1139 844 1186 inspicat
863 1145 994 1181 acuto;

105 1190 262 1228 Interea
280 1191 440 1240 longum
459 1199 574 1228 cantu
596 1191 716 1229 solata
738 1193 908 1229 laborem

106 1245 263 1292 Arguto
282 1244 426 1292 conjux
446 1245 639 1293 percurrit
659 1246 810 1293 pectine
830 1245 945 1288 telas3

105 1296 191 1334 Aut
211 1298 334 1335 dulcis
354 1299 472 1334 musti
494 1298 671 1334 Vulcano
691 1299 871 1347 decoquit
891 1299 1103 1343 humorem,
1227 1298 1305 1335 ‘295

105 1351 158 1387 Et
179 1350 283 1387 foliis
305 1351 447 1387 undam
466 1351 609 1399 trepidi
629 1352 832 1400 despumat
852 1352 952 1388 aeni.

160 1407 215 1440 At
234 1405 449 1441 rubicunda
470 1404 588 1442 Ceres
610 1406 735 1441 medio
755 1405 968 1442 succiditur
987 1410 1094 1450 aestu,

104 1457 157 1494 Et
186 1458 312 1494 medio
332 1464 450 1494 tostas
470 1465 564 1495 aestu
585 1458 677 1494 terit
698 1471 786 1495 area
805 1458 948 1506 fruges.

105 1510 249 1547 Nudus
270 1523 347 1556 ara,
369 1523 452 1547 sere
472 1511 615 1548 nudus:
637 1511 759 1548 hiems
779 1512 921 1560 ignava
940 1510 1089 1548 colono.

106 1564 337 1613 Frigoribus
357 1570 468 1613 parto
488 1565 667 1613 agricolae
686 1565 914 1614 plerumque
933 1564 1131 1610 fruuntur,
1226 1566 1306 1601 300

106 1617 325 1666 Mutuaque
345 1618 448 1655 inter
468 1630 508 1655 se
531 1619 607 1654 laeti
627 1619 808 1656 convivia
832 1624 982 1655 curant.

105 1671 256 1708 Invitat
274 1671 439 1720 genialis
459 1671 597 1716 hiems,
617 1683 805 1720 curasque
824 1672 1002 1709 resolvit:

106 1724 189 1762 Ceu
211 1736 351 1772 pressoe
372 1738 459 1762 cum
474 1724 556 1774 jam
578 1732 732 1773 portum
753 1726 918 1774 tetigere
939 1724 1092 1769 carinae,

104 1777 308 1826 Puppibus
327 1784 366 1815 et
385 1778 464 1815 laeti
485 1785 611 1815 nautae
629 1779 849 1827 imposuere
869 1791 1040 1816 coronas.

106 1829 181 1868 Sed
197 1838 325 1868 tamen
339 1837 376 1869 et
391 1844 557 1880 quernas
572 1832 732 1880 glandes
748 1840 831 1869 tum
848 1833 1040 1881 stringere
1055 1837 1208 1880 tempus
1227 1832 1305 1868 305

105 1884 158 1921 Et
177 1885 275 1921 lauri
299 1886 434 1922 baccas
453 1885 654 1933 oleamque
674 1893 909 1933 cruentaque
930 1890 1074 1933 myrta3

107 1938 208 1974 Tum
230 1939 392 1986 gruibus
414 1939 567 1987 pedicas
585 1945 624 1975 et
644 1939 741 1976 retia
761 1951 904 1988 ponere
923 1940 1064 1983 cervis,

105 1992 345 2039 Auritosque
366 1992 473 2040 sequi
494 1992 644 2041 lepores
666 2006 676 2035 3
695 1998 778 2028 tum
798 1993 916 2040 figere
936 1992 1077 2036 damas,

106 2043 277 2093 Stuppea
299 2051 541 2093 torquentem
562 2045 736 2082 Balearis
757 2047 920 2082 verbera
940 2045 1089 2087 sundae3

107 2096 237 2144 Quum
253 2097 322 2134 nix
336 2098 539 2145 altajacet,
554 2099 715 2147 glaciem
728 2111 848 2146 quum
862 2098 1022 2135 flumina
1032 2098 1208 2134 trudunt.
1226 2099 1305 2135 310

161 2150 265 2197 Quid
285 2157 532 2200 tempestates
552 2153 749 2188 auctumni
771 2159 808 2189 et
827 2153 953 2189 sidera
972 2150 1120 2188 dicam?

103 2205 249 2252 Atque,
273 2205 337 2241 ubi
352 2204 435 2252 jam
455 2206 687 2253 breviorque
707 2206 788 2242 dies
807 2211 846 2242 et
866 2205 1020 2242 mollior
1041 2211 1163 2250 amas,

106 2256 202 2303 Quae
223 2258 421 2306 vigilanda
443 2258 561 2295 viris?
582 2260 643 2296 vel
663 2271 751 2296 cum
772 2259 852 2295 ruit
874 2257 1117 2295 imbriferum
1138 2270 1218 2304 ver,

105 2309 241 2359 Spicea
255 2311 338 2359 jam
359 2312 503 2360 campis
524 2324 611 2349 cum
632 2312 768 2349 messis
788 2312 993 2356 inhorruit,
1016 2318 1055 2348 et
1074 2324 1163 2349 cum

104 2364 318 2401 Frumcnta
341 2365 381 2401 in
403 2365 518 2402 viridi
540 2366 682 2414 stipula
702 2365 883 2402 lactentia
902 2365 1111 2413 turguent?
1225 2365 1301 2402 315

107 2416 217 2467 Saepe
238 2430 321 2467 eg0,
343 2430 431 2455 cum
451 2419 564 2457 flavis
584 2431 788 2456 messorem
810 2419 1012 2457 induceret
1031 2418 1136 2456 arvis
