1508 2641
191 186 248 238 1.]
607 185 954 224 GEORGICON.
1358 189 1389 224 9

189 292 368 330 Carduus
386 307 397 337 ;
417 293 613 329 intereunt
632 297 780 340 segetes
801 307 810 336 ;
831 292 935 329 subit
955 304 1091 340 aspera
1111 291 1220 336 silva,

185 347 404 395 Lappaeque
423 346 633 394 tribulique
653 360 666 390 ς
683 347 860 394 interque
881 345 1045 382 nitentia
1064 345 1169 383 culta

185 400 332 437 Infelix
351 400 483 436 lolium
503 405 541 436 et
560 399 710 436 steriles
729 399 977 436 dominantur
996 411 1138 435 avenae.

189 453 300 499 Quod
319 453 394 489 nisi
415 458 453 489 et
473 452 636 489 assiduis
657 452 818 489 herbam
838 453 1076 489 insectabere
1096 452 1244 496 rastris,
1305 453 1388 489 155

185 506 239 543 Et
260 506 386 543 sonitu
407 506 574 542 terrebis
594 518 697 549 aves,
719 511 758 542 et
777 506 880 542 ruris
900 506 1007 554 opaci

186 559 301 596 Falce
320 571 472 608 premes
492 560 679 603 umbram,
702 559 881 607 votisque
901 558 1101 595 vocaveris
1122 559 1282 594 imbrem
1304 571 1314 594 t

186 610 287 655 Heu,
309 625 491 661 magnum
512 613 672 649 alterius
691 611 836 648 frustra
856 612 1047 660 spectabis
1063 624 1243 648 acervum
1265 626 1275 655 3

188 664 463 714 Concussaque
483 665 623 702 famem
644 665 684 700 in
706 665 814 701 silvis
833 666 1005 702 solabere
1024 677 1182 712 quercu.

239 718 457 756 Dicendum
477 725 528 764 et,
547 731 632 767 quae
652 720 730 755 sint
749 718 856 754 duris
876 718 1094 766 agrestibus
1115 730 1232 761 arma,
1307 719 1387 754 160·

187 770 284 817 Quis
305 772 386 808 sine
406 784 477 808 nec
496 779 656 820 potuere
677 772 752 808 seri
774 784 843 808 nec
864 783 1022 819 surgere
1047 783 1191 808 messes
1212 785 1222 808 :

185 824 322 861 Vomis
343 830 380 861 et
399 825 536 861 inflexi
556 826 724 873 primum
746 837 865 873 grave
886 826 1003 861 robur
1022 825 1152 868 aratri,

185 877 393 926 Tardaque
414 878 609 915 Eleusinae
629 879 763 915 matris
784 878 982 915 volventia
1001 878 1187 926 plaustra,

185 930 436 979 Tribuquue,
457 932 691 979 traheaeque,
712 939 749 968 et
770 931 904 979 iniquo
924 932 1092 979 pondere
1112 931 1227 968 rastri
1248 946 1258 974 ;

185 983 334 1032 Virgea
353 990 539 1033 praeterca
559 983 666 1021 Celei
689 980 852 1032 vilisque
872 984 1059 1032 supellex,
1307 985 1383 1021 165

184 1038 373 1074 Arbuteae
393 1044 516 1074 crates
532 1044 570 1074 et
590 1038 753 1086 mystica
772 1050 923 1074 vannus
944 1037 1087 1074 Iacchi,

187 1090 329 1127 Omnia
349 1103 434 1139 quae
451 1090 573 1127 multo
593 1097 681 1127 ante
701 1103 846 1126 memor
866 1091 1019 1139 provisa
1038 1103 1213 1138 reponeS‚

188 1141 227 1179 Si
247 1150 286 1180 te
305 1144 422 1192 digna
442 1150 569 1180 manet
589 1144 713 1180 divini
733 1144 856 1191 gloria
876 1145 993 1180 ruris.

188 1196 385 1234 Continuo
405 1197 445 1232 in
468 1197 577 1234 silvis
597 1209 735 1245 magna
755 1197 796 1233 vi
818 1197 920 1233 flexa
941 1197 1118 1233 domatur

184 1249 233 1286 In
254 1250 380 1286 burim
401 1255 439 1286 et
459 1250 569 1287 curvi
590 1250 752 1286 formam
773 1250 913 1298 accipit
936 1250 1063 1286 ulmus
1083 1250 1216 1287 aratri.
1310 1249 1387 1289 170

186 1302 292 1339 Huic
313 1304 362 1340 ab
382 1304 502 1351 stirpe
522 1304 637 1351 pedes
657 1311 758 1340 temo
779 1309 977 1350 protentus
996 1303 1035 1339 in
1059 1308 1160 1348 octo,

184 1355 297 1392 Binae
316 1369 438 1400 aures,
461 1356 605 1404 duplici
625 1363 807 1404 aptantur
827 1356 995 1393 dentalia
1015 1357 1137 1393 dorso.

187 1408 361 1445 Caeditur
381 1417 418 1446 et
436 1410 521 1446 tilia
540 1409 739 1458 antejugo
760 1410 868 1453 levis,
888 1410 1040 1457 altaque
1055 1409 1169 1458 fagus

187 1459 316 1507 Stivae,
338 1475 424 1511 quae
440 1475 576 1499 currus
597 1475 618 1499 a
637 1470 747 1510 tergo
766 1469 943 1510 torqueat
963 1464 1059 1499 imos
1081 1477 1091 1506 ;

187 1515 241 1552 Et
262 1526 448 1564 suspensa
467 1516 563 1553 focis
583 1516 759 1564 explorat
778 1517 915 1552 robora
934 1515 1077 1552 fumus.
1310 1515 1384 1554 175

237 1568 399 1606 Possum
421 1570 542 1606 multa
561 1569 632 1606 tibi
653 1575 828 1606 veterum
852 1575 1044 1617 praecepta
1062 1568 1220 1615 referre,

185 1620 241 1657 Ni
262 1621 420 1670 refugis,
442 1629 654 1670 tenuesque
674 1623 782 1671 piget
798 1634 1028 1670 cognoscere
1044 1634 1167 1659 curas.

184 1674 292 1711 Area
310 1687 396 1712 cum
417 1676 552 1723 primis
573 1676 723 1724 ingenti
745 1676 930 1723 'aequanda
951 1675 1138 1724 cylindro,

185 1727 237 1764 Et
257 1729 443 1765 vertenda
463 1741 591 1771 manu,
614 1734 652 1765 et
674 1735 779 1766 creta
799 1729 999 1766 solidanda
1017 1729 1159 1774 tenaci,

184 1780 248 1817 Ne
267 1782 430 1818 subeant
449 1782 589 1825 herbae,
611 1794 685 1818 neu
709 1782 868 1829 pulvere
890 1782 993 1818 victa
1011 1781 1176 1826 fatiscat,
1308 1783 1386 1818 180

185 1833 287 1870 Tum
309 1835 425 1872 variae
446 1835 610 1871 illudant
627 1841 753 1883 pestes
771 1849 782 1878 ;
801 1847 899 1883 saepe
922 1835 1089 1884 exiguus
1109 1847 1194 1871 mus

187 1885 265 1924 Sub
284 1888 399 1925 terris
421 1889 623 1937 posuitque
643 1889 775 1925 domos
794 1895 909 1937 atque
929 1889 1066 1925 horrea
1086 1887 1178 1925 fecit
1196 1903 1208 1931 ;

185 1938 269 1977 Aut
292 1941 412 1978 oculis
433 1942 533 1990 capti
554 1942 684 1978 fodere
706 1942 846 1978 cubilia
867 1943 980 1990 talpas
998 1956 1007 1984 3

184 1992 447 2042 Inventusque
467 1996 572 2032 cavis
592 1994 694 2038 bufo,
717 2001 755 2030 et
775 2006 857 2042 quae
878 1996 1043 2043 plurima
1062 2000 1176 2031 terrae

186 2044 363 2084 Monstra
376 2048 523 2092 feruntg
537 2048 768 2097 populatque
778 2048 1100 2096 ingentemfarris
1114 2060 1293 2085 acervum
1310 2049 1384 2084 185

185 2098 380 2144 Curculio,
401 2107 514 2148 atque
534 2102 641 2148 inopi
663 2108 837 2138 metuens
858 2101 1019 2138 formica
1038 2108 1213 2138 senectae.

239 2151 529 2202 Contemplator
548 2155 655 2199 item,
675 2168 763 2192 cum
785 2167 824 2191 se
845 2167 927 2191 nux
948 2154 1116 2203 plurima
1136 2154 1247 2191 silvis

183 2204 326 2241 Induet
345 2206 386 2242 in
404 2207 552 2251 florem,
573 2215 610 2245 et
631 2220 756 2244 ramos
777 2208 955 2244 curvabit
974 2207 1119 2244 olentes
1137 2221 1148 2244 ε

186 2257 225 2294 Si
247 2267 429 2306 superant
449 2260 565 2304 fetus,
585 2261 730 2309 pariter
748 2261 943 2298 frumenta
962 2267 1184 2308 sequentur,

186 2311 405 2360 Magnaque
427 2325 514 2349 cum
534 2326 673 2362 magno
692 2315 823 2351 veniet
843 2314 984 2350 tritura
1003 2314 1129 2350 calore
1149 2328 1160 2356 ;
1307 2314 1386 2350 190

184 2364 244 2400 At
264 2365 296 2400 si
317 2365 473 2402 luxuria
492 2365 671 2403 foliorum
693 2368 882 2404 exuberat
902 2368 1038 2403 umbra
1059 2379 1067 2402 :

185 2416 457 2465 Nequidquam
479 2419 644 2467 pingues
664 2420 775 2468 palea
793 2426 891 2456 teret
912 2431 1000 2456 area
1020 2419 1182 2456 culmos,
