1508 2641
127 170 227 224 Ν]
540 168 890 209 GEORGICON.
1269 172 1327 209 49

128 280 177 317 In
197 278 305 317 tenui
324 278 431 316 labor
452 293 461 322 ;
490 284 529 315 at
549 277 676 315 tenuis
695 288 767 313 non
789 276 923 324 gloria,
946 275 977 312 si
997 289 1112 324 quem

129 333 303 370 Numina
323 332 422 368 laeva
441 331 584 376 sinunt,
605 331 789 377 auditque
809 335 969 366 vocatus
989 330 1148 378 Apollo.

183 385 383 434 Principio
403 385 511 421 sedes
531 385 667 432 apibus
687 383 878 430 statioque
897 384 1073 432 petenda,

129 438 218 485 Quo
237 450 361 487 neque
380 438 429 474 sit
449 438 574 474 ventis
595 438 866 474 aditus—nam
884 437 1026 485 pabula
1046 437 1152 473 venti

129 493 248 530 Ferre
261 493 416 529 domum
430 491 815 539 prohibent—neque
828 490 1105 538 oveshaedique
1116 490 1261 539 petulci
1281 493 1328 527 lO

128 546 308 583 Floribus
327 545 528 590 insultent,
548 550 615 581 aut
634 556 766 581 errans
788 544 929 580 bucula
947 556 1082 592 campo

128 599 312 636 Decutiat
330 611 468 642 rorem,
490 605 527 635 et
547 603 749 646 surgentes
770 598 920 634 adterat
939 598 1092 634 herbas.

128 652 273 689 Absint
293 658 331 689 et
347 651 439 700 picti
459 651 676 698 squalentia
694 656 804 698 terga
822 651 957 687 lacerti

125 705 346 753 Pinguibus
365 705 412 741 ab
433 705 605 748 stabulis,
621 716 871 752 meropesque
891 704 1051 752 aliaeque
1072 702 1258 749 volucres,

125 758 179 795 Et
199 759 377 795 manibus
399 758 548 794 Procne
567 763 701 806 pectus
722 757 872 806 signata
891 757 1077 794 cruentis.
1277 758 1322 794 15

124 811 269 849 Omnia
290 823 379 848 nam
397 811 474 847 late
494 817 659 855 vastant,
682 811 861 859 ipsasque
885 811 1058 848 volantes

123 864 206 902 Ore
226 864 357 902 ferunt
377 864 527 901 dulcem
547 864 650 900 nidis
670 864 884 901 immitibus
904 876 1042 901 escam.

124 919 182 954 At
201 918 338 966 liquidi
357 917 482 954 fontes
502 923 540 954 et
559 923 696 966 stagna
714 918 881 954 virentia
899 930 1032 954 musco

125 970 272 1008 Adsint
291 977 329 1008 et
348 971 477 1007 tenuis
496 970 649 1019 fugiens
669 983 737 1019 per
756 971 931 1020 gramina
946 971 1072 1013 rivus3

122 1024 333 1073 Palmaque
352 1024 588 1061 vestibulum
608 1030 674 1060 aut
694 1024 831 1073 ingens
850 1023 1013 1061 oleaster
1031 1024 1242 1060 inumbret:
1270 1023 1323 1059 20

123 1077 192 1122 Ut,
215 1090 303 1114 cum
322 1077 447 1126 prima
462 1077 553 1114 novi
573 1077 714 1114 ducent
734 1077 914 1114 examina
929 1089 1040 1126 reges

122 1130 228 1167 Vere
248 1143 327 1176 suo,
349 1131 532 1178 ludetque
547 1129 648 1167 favis
668 1130 806 1167 emissa
819 1130 1022 1178 juventus,

122 1183 265 1221 Vicina
280 1183 420 1220 invitet
441 1184 625 1220 decedere
643 1183 726 1231 ripa
745 1184 862 1220 calori

122 1235 330 1285 Obviaque
349 1236 526 1285 hospitiis
546 1242 675 1274 teneat
690 1236 959 1274 frondentibus
978 1237 1105 1273 arbos.

123 1289 172 1326 In
192 1291 372 1334 medium,
395 1302 461 1326 seu
481 1290 599 1326 stabit
618 1290 733 1334 iners,
755 1302 821 1327 seu
841 1290 1008 1338 profluet
1027 1290 1176 1336 humor,
1268 1291 1319 1326 25

125 1343 386 1380 Transversas
405 1343 539 1380 salices
559 1348 597 1380 et
616 1343 779 1391 grandia
797 1342 945 1390 conjice
965 1355 1069 1387 saxa,

122 1394 309 1433 Pontibus
329 1402 372 1433 ut
387 1396 533 1433 crebris
553 1396 701 1444 possint
720 1396 930 1433 consistere
950 1402 988 1433 et
1008 1396 1087 1433 alas

118 1449 297 1486 Pandere
317 1449 364 1486 ad
383 1449 561 1486 aestivum
582 1449 714 1493 solem,
734 1449 765 1486 si
787 1449 886 1486 forte
910 1455 1104 1487 morantes

118 1499 324 1550 Sparserit‚
345 1509 411 1540 aut
431 1514 600 1551 praeceps
620 1502 806 1550 Neptuno
826 1503 1058 1540 immerserit
1079 1503 1223 1541 Eurus.

119 1555 215 1592 Haec
235 1555 380 1593 circum
399 1555 510 1593 casiae
531 1556 675 1592 virides
693 1562 732 1592 et
751 1555 895 1593 olentia
914 1556 989 1592 late
1261 1559 1313 1594 30

119 1606 296 1657 Serpylla
315 1615 352 1645 et
371 1609 545 1657 graviter
564 1609 747 1657 spirantis
766 1609 875 1657 copia
895 1609 1085 1657 thymbrae

117 1660 284 1706 Floreat,
306 1661 573 1710 irriguumque
592 1662 727 1699 bibant
747 1662 908 1699 violaria
926 1662 1083 1700 fontem.

115 1713 207 1761 Ipsa
222 1720 364 1759 autem,
377 1727 443 1751 seu
463 1715 670 1752 corticibus
689 1715 761 1751 tibi
782 1722 866 1752 suta
886 1716 1042 1761 cavatis,

118 1766 194 1804 Seu
215 1767 318 1804 lento
338 1767 481 1805 fuerint
501 1768 670 1805 alvearia
691 1768 834 1806 vimine
853 1774 972 1813 texta,

114 1820 317 1869 Angustos
335 1821 503 1858 habeant
522 1821 666 1865 aditus3
693 1834 782 1858 nam
798 1822 942 1870 frigore
962 1822 1075 1860 mella
1259 1825 1308 1861 35

112 1873 229 1922 Cogit
248 1874 382 1919 hiems,
403 1874 612 1924 eademque
631 1875 734 1912 calor
754 1875 959 1923 liquefacta
971 1876 1148 1912 remittit.

112 1927 290 1974 Utraque
310 1928 370 1964 vis
390 1928 526 1976 apibus
547 1929 689 1977 pariter
710 1930 924 1973 metuenda,
947 1942 1071 1978 neque
1090 1930 1165 1966 illae

113 1979 387 2028 Nequidquam
406 1981 446 2017 in
467 1982 579 2018 tectis
599 1982 775 2019 certatim
795 1982 924 2019 tenuia
944 1995 1031 2019 cera

115 2032 360 2082 Spiramenta
377 2034 516 2079 linunt,
534 2035 697 2083 sucoque
717 2041 755 2072 et
773 2035 933 2073 floribus
953 2048 1039 2073 oras

113 2085 298 2134 Explent,
318 2087 596 2136 collectumque
616 2089 695 2125 haze
714 2088 798 2138 ipsa
817 2090 864 2126 ad
884 2102 1044 2126 munera
1063 2090 1197 2138 gluten
1255 2094 1306 2128 40

112 2138 166 2175 Et
185 2139 290 2176 visco
309 2146 347 2177 et
366 2141 548 2190 Phrygiae
570 2148 726 2179 servant
745 2143 829 2191 pice
849 2143 991 2185 lentius
1011 2142 1101 2180 ldie,

113 2189 221 2239 Saepe
241 2192 356 2229 ctiam
376 2193 533 2239 effossis,
553 2195 585 2232 si
607 2208 697 2232 vera
717 2201 774 2232 est
798 2195 910 2240 fama,
933 2196 1090 2233 latebris

112 2243 193 2282 Sub
212 2252 316 2283 terra
336 2246 466 2284 fovere
486 2247 617 2293 larem,
639 2249 868 2297 penitusque
888 2255 1049 2297 repertae

110 2297 413 2348 Pumicibusque
431 2301 536 2338 cavis
556 2314 756 2350 exesaeque
775 2302 922 2339 arboris
944 2309 1065 2338 antro.

111 2351 175 2388 Tu
193 2357 322 2388 tamen
342 2359 379 2389 et
398 2352 475 2390 levi
495 2354 634 2392 rimosa
653 2355 796 2392 cubilia
814 2355 905 2391 limo
1250 2358 1299 2393 45

110 2403 256 2453 Ungue
277 2405 411 2443 fovens
427 2407 582 2452 circum,
604 2413 641 2445 et
661 2420 766 2445 raras
786 2406 1019 2456 superinjiee
1038 2407 1204 2445 frondes.

695 2472 720 2496 E
