1508 2641
154 156 252 208 1v.]
568 151 915 192 GEORGICON.
1292 151 1342 191 57

211 263 268 300 At
287 268 408 300 mater
428 261 596 298 sonitum
615 260 782 297 thalamo
801 259 873 296 sub
892 257 1063 295 fluminis
1082 257 1149 295 alti

159 317 298 354 Sensit.
356 315 452 352 Eam
474 315 618 351 circum
639 313 793 350 Milesia
813 312 957 349 vellera
976 311 1169 361 Nymphae

158 370 389 418 Carpebant,
411 368 516 416 hyali
536 375 666 404 saturo
685 366 814 403 fucata
833 366 968 408 colore,
1267 365 1344 400 335

157 424 393 472 Drymoque,
415 421 664 468 Xanthoque,
692 418 898 468 Ligeaque,
922 418 1237 468 Phyllodoceque,

160 476 365 514 Caesariem
387 474 516 511 effusae
536 474 698 509 nitidam
717 486 785 522 per
805 472 968 509 candida
987 471 1106 514 colla3

157 529 303 573 Nesaee,
329 528 508 577 Spioque,
531 526 758 575 Thaliaque,
781 525 1086 575 Cymodoceque,

159 581 424 631 Cydippeque,
447 587 484 617 et
503 580 605 617 flava
624 580 809 628 Lycorias
829 594 838 622 ;
869 579 989 616 altera
1008 579 1131 626 virgo,

157 636 296 672 Altera
315 642 395 671 tum
417 634 561 683 primos
583 634 739 670 Luciuae
759 638 920 680 experta
941 632 1105 674 labores;
1270 631 1350 666 340

159 688 321 736 Clioque
341 695 378 725 et
391 688 537 731 Beroe,
559 699 676 731 soror,
701 686 947 723 Oceanitides
966 686 1100 729 ambae,

158 741 296 779 Ambae
318 754 422 785 auro,
444 740 558 789 pictis
578 741 754 776 incinctae
777 739 939 786 pellibus
959 739 1103 781 ambae3

157 795 290 843 Atque
311 795 481 843 Ephyre,
503 800 616 841 atque
639 792 745 841 Opis,
768 799 805 829 et
835 790 930 828 Asia
953 792 1134 839 Deiopea,

158 848 211 884 Et
228 848 382 885 tandem
405 847 538 895 positis
558 846 673 883 velox
694 846 891 882 Arethusa
910 845 1072 893 sagittis.
1343 879 1346 881 .

158 902 268 938 Inter
287 914 381 949 quas
402 913 532 937 curam
555 899 742 948 Clymene
764 900 943 935 narrabat
964 899 1117 935 inanem
1272 897 1349 933 345

157 954 338 995 Vulcani.
360 952 580 1001 Martisque
599 953 704 989 dolos
725 962 762 988 et
783 952 908 988 dulcia
928 952 1054 994 furta3

158 1009 274 1056 Aque
296 1008 402 1045 Chao
422 1007 558 1043 densos
578 1007 710 1042 divum
731 1007 956 1042 numerabat
976 1017 1136 1041 amores.

160 1060 341 1098 Carmine
360 1073 435 1109 quo
454 1066 575 1108 captae
594 1060 684 1096 dnm
705 1059 800 1095 fusis
821 1059 947 1095 mollia
967 1071 1086 1106 pensa

159 1112 394 1158 Devolvunt,
414 1114 555 1150 iterum
577 1120 769 1149 maternas
790 1113 942 1158 impulit
962 1124 1074 1148 aures

159 1167 306 1204 Luctus
326 1167 499 1210 Aristaei,
521 1166 732 1213 vitreisque
753 1166 933 1202 sedilibus
953 1177 1085 1201 omnes
1274 1163 1354 1198 350

162 1220 424 1269 Obstupuere3
445 1220 511 1256 sed
530 1227 619 1256 ante
639 1219 732 1255 alias
755 1218 951 1255 Arethusa
971 1229 1120 1254 sorores

159 1274 407 1322 Prospiciens
425 1285 573 1310 summa
592 1272 735 1309 flavum
756 1280 871 1320 caput
891 1271 1031 1307 extulit
1053 1270 1165 1313 unda,

161 1327 213 1363 Et
234 1327 382 1376 procul:
414 1326 449 1363 O
468 1326 614 1374 gemitu
636 1338 710 1361 non
732 1328 757 1361 11
771 1334 875 1360 nstra
895 1325 1082 1360 exterrita
1102 1329 1222 1367 tanto,

163 1379 316 1429 Cyrene
335 1392 452 1423 soror,
480 1380 562 1427 ipse
580 1379 663 1420 tibi,
684 1385 750 1415 tua
773 1377 938 1414 maxima
958 1390 1061 1420 cura,

163 1433 305 1470 Tristis
325 1432 515 1469 Aristaeus
536 1431 653 1469 Penei
673 1431 861 1480 genitoris
883 1431 930 1467 ad
953 1431 1091 1466 undam
1274 1429 1353 1464 355

164 1486 252 1523 Stat
272 1486 487 1530 lacrimans,
509 1493 548 1521 et
570 1491 607 1521 te
627 1485 820 1521 crudelem
842 1484 996 1520 nomine
1015 1484 1120 1520 dicit.

163 1539 269 1576 Huic
288 1551 468 1588 percussa
488 1550 588 1575 nova
610 1543 775 1574 mentem
797 1537 1003 1574 formidine
1022 1543 1156 1580 mater,

161 1590 261 1637 Due,
283 1605 365 1641 age,
387 1592 461 1628 duc
480 1591 527 1628 ad
547 1603 634 1634 nos3
653 1590 711 1627 fas
731 1590 787 1625 illi
808 1591 942 1626 limina
961 1591 1097 1626 divum

165 1645 354 1694 Tangere,
376 1645 446 1682 ait:
466 1644 580 1681 simul
601 1645 678 1681 alta
692 1643 805 1691 jubet
825 1643 1020 1680 discedere
1039 1643 1116 1679 late

163 1699 356 1743 Flumina,
378 1710 454 1747 qua
467 1697 627 1745 juvenis
646 1708 801 1745 gressus
820 1696 995 1733 inferret.
1051 1693 1108 1732 At
1127 1695 1236 1731 illum
1277 1694 1356 1730 360

166 1752 339 1789 Curvata
358 1752 399 1787 in
418 1751 556 1788 montis
575 1751 713 1788 faciem
733 1750 986 1786 circumstetit
1007 1749 1120 1793 unda,

164 1804 406 1853 Accepitque
427 1804 514 1841 sinu
535 1811 655 1848 vastO,
678 1803 858 1850 misitque
878 1804 948 1839 sub
968 1815 1133 1838 amnem.

164 1859 335 1907 Jamque
355 1859 508 1895 domum
531 1858 676 1893 mirans
695 1857 902 1905 genetricis
922 1864 959 1893 et
979 1856 1136 1892 humida
1156 1866 1276 1902 regna

168 1910 446 1961 Speluncisque
467 1912 571 1948 lacus
592 1911 739 1947 clausos
759 1910 939 1958 lucosque
959 1916 1152 1954 sonantes,

165 1965 254 2002 Ibat
275 1972 324 2010 et,
345 1964 495 2014 ingenti
516 1971 620 2000 motu
642 1964 879 2012 stupefactus
899 1975 1098 2011 aquarum,
1278 1960 1355 1996 365

168 2018 309 2056 Omnia
330 2020 400 2055 sub
420 2030 558 2066 magna
577 2017 746 2054 labentia
765 2017 925 2053 flumina
943 2024 1047 2053 terra

170 2073 375 2120 Spectabat
393 2072 547 2108 diversa
566 2071 671 2114 locis,
693 2070 936 2117 Phasimque,
959 2067 1194 2118 Lycumque,

167 2125 220 2162 Et
238 2131 366 2173 caput,
385 2124 487 2161 unde
507 2125 607 2161 altus
628 2124 794 2172 primum
813 2136 853 2160 se
873 2122 1041 2170 erumpit
1061 2121 1246 2169 Enipeus,

168 2178 286 2216 Unde
306 2184 414 2225 pater
433 2177 656 2221 Tiberinus,
676 2182 714 2214 et
735 2177 835 2214 unde
855 2175 1010 2212 Aniena
1028 2176 1186 2216 fluenta,

171 2232 436 2279 Saxosumque
455 2243 593 2267 sonans
613 2230 802 2280 Hypanis,
827 2230 1038 2278 Mysusque
1059 2228 1210 2272 Caicus,
1278 2224 1358 2263 370

168 2285 220 2320 Et
240 2285 393 2333 gemina
413 2289 568 2320 auratus
587 2285 741 2320 taurino
761 2295 903 2320 cornua
924 2284 1033 2319 vultu

168 2337 373 2381 Eridanus,
394 2349 469 2384 quo
488 2349 565 2373 non
585 2337 682 2373 alius
702 2349 770 2385 per
789 2336 948 2384 pinguia
967 2335 1072 2372 culta

168 2390 216 2427 In
237 2403 341 2427 mare
361 2402 596 2439 purpureum
619 2389 823 2426 violentior
842 2388 958 2425 effluit
978 2387 1113 2424 amnis.
