1508 2641
147 175 227 227 11.]
562 173 907 214 GEORGICON.
1285 175 1336 212 29

149 284 283 332 Atque
302 283 342 320 in
363 295 403 320 se
423 295 490 319 sua
509 294 577 330 per
596 282 761 331 vestigia
780 281 952 320 volvitur
971 292 1106 318 annus.

150 338 212 374 Ac
227 337 309 385 jam
330 337 430 380 olim,
453 348 555 372 seras
575 336 705 384 posuit
724 348 810 373 cum
832 336 945 372 vinea
965 335 1131 380 frondes,

149 391 333 438 Frigidus
353 396 390 427 et
410 388 517 426 silvis
538 389 684 438 Aquilo
703 389 870 426 decussit
889 389 1072 425 honorem
1091 402 1101 431 3

149 444 241 481 Jam
263 450 343 480 tum
363 455 449 480 acer
468 455 578 479 curas
598 443 817 480 venientem
837 442 1012 480 extendit
1030 442 1069 477 in
1090 452 1235 478 annum
1259 440 1336 477 405

149 497 347 542 Rusticus,
367 502 405 533 et
424 509 543 533 curvo
567 495 723 532 Saturni
744 497 858 533 dente
877 496 1050 532 relictam

148 550 403 598 Persequitur
420 550 541 586 vitem
561 550 782 595 adtondens,
805 550 992 598 fingitque
1012 548 1196 597 putando.

149 603 306 640 Primus
325 603 484 639 humum
506 603 637 648 fodito,
660 603 807 651 primus
826 604 988 639 devecta
1009 607 1179 638 cremato

153 655 366 700 Sarmenta,
388 663 426 693 et
447 656 565 693 vallos
592 657 737 705 primus
757 659 828 693 sub
849 662 948 693 tecta
967 655 1126 698 referto;

148 708 374 746 Postremus
393 710 538 746 metito.
597 709 666 746 Bis
685 710 832 746 vitibus
851 709 999 757 ingruit
1018 709 1170 751 umbra3
1261 707 1340 743 410

149 762 219 799 Bis
240 769 408 811 segetem
428 763 555 799 densis
575 763 772 800 obducunt
794 763 969 800 sentibus
986 763 1130 799 herbae:

150 815 283 853 Durus
303 822 464 864 uterque
483 816 605 853 labor.
663 816 836 853 Laudato
856 816 1031 865 ingentia
1049 827 1153 855 rura,

150 869 352 917 Exiguum
372 870 497 906 colito.
554 870 640 907 Nec
659 883 735 907 non
756 871 871 907 etiam
891 882 1026 918 aspera
1046 868 1150 906 rusci

154 922 311 960 Vimina
331 936 399 972 per
418 923 555 960 silvam
575 928 614 960 et
632 923 728 972 ripis
746 923 916 960 fluvialis
936 923 1084 959 arundo

153 975 335 1022 Creditur,
357 977 570 1024 incultique
589 983 744 1014 exercet
763 990 856 1014 cura
873 976 1012 1013 salicti.
1262 972 1340 1010 415

150 1029 243 1067 Jam
263 1030 404 1067 vinctae
423 1030 533 1074 vites,
549 1029 630 1077 jam
650 1029 786 1067 falcem
807 1031 964 1067 arbusta
982 1032 1186 1078 reponunt,

149 1082 241 1120 Jam
262 1083 365 1120 canit
385 1082 539 1120 effectos
558 1089 756 1121 extremus
775 1084 920 1120 vinitor
939 1087 1064 1125 antes;

154 1135 404 1173 Sollicitanda
424 1142 551 1173 tamen
571 1137 699 1182 tellus,
718 1136 922 1185 pulvisque
941 1135 1154 1172 movendus
1162 1148 1172 1178 ;

149 1188 202 1226 Et
215 1188 298 1236 jam
317 1189 478 1226 maturis
498 1191 727 1227 metuendus
746 1190 906 1238 Jupiter
924 1190 1024 1226 uvis.

206 1242 351 1280 Contra
371 1255 447 1280 non
467 1243 547 1280 ulla
566 1249 623 1280 est
642 1243 735 1280 oleis
755 1244 917 1287 cultura,
940 1254 1064 1290 neque
1083 1240 1160 1277 illae
1263 1239 1344 1276 420

149 1295 388 1333 Procurvam
414 1301 640 1344 exspectant
658 1296 795 1333 falcem
814 1302 1035 1344 rastrosque
1053 1301 1217 1339 tenaceS,

153 1348 252 1387 Cum
273 1349 390 1386 semel
409 1350 602 1386 haeserunt
621 1350 736 1395 arvis,
757 1362 947 1398 aurasque
965 1349 1151 1385 tulerunt.

151 1402 242 1452 Ipsa
262 1402 355 1439 satis
374 1402 500 1448 tellus,
521 1415 608 1439 cum
628 1403 742 1440 dente
761 1403 974 1440 recluditur
996 1414 1104 1446 unco,

155 1455 307 1493 Sufficit
325 1456 534 1501 humorem,
556 1461 594 1492 et
612 1456 804 1504 gravidas,
826 1468 914 1493 cum
934 1467 1100 1499 vomere,
1121 1453 1265 1503 fruges.

153 1508 240 1546 Hoc
260 1509 443 1558 pinguem
463 1514 500 1546 et
520 1509 701 1558 placitam
720 1510 814 1546 Paci
834 1509 1002 1546 nutritor
1022 1508 1180 1545 olivam.
1262 1507 1341 1543 425

205 1562 327 1599 Poma
345 1575 508 1610 quoque,
531 1568 574 1599 ut
594 1563 762 1610 primum
781 1568 938 1600 truncos
958 1574 1111 1599 sensere
1131 1561 1316 1606 valentes,

153 1615 207 1652 Et
227 1616 331 1652 vires
349 1616 518 1652 habuere
539 1628 640 1660 suas,
661 1617 708 1652 ad
729 1616 854 1653 sidera
872 1616 1013 1663 raptim

153 1668 208 1705 Vi
227 1669 383 1717 propria
401 1668 592 1712 nituntur,
613 1668 773 1717 opisque
792 1669 896 1706 haud
915 1669 1047 1717 indiga
1067 1672 1222 1705 nostrae.

153 1721 239 1759 Nec
258 1723 387 1758 minus
405 1722 554 1759 interea
573 1722 653 1759 fetu
675 1734 810 1759 nemus
829 1735 941 1759 omne
961 1721 1165 1770 gravescit,

156 1774 463 1824 Sanguineisque
483 1775 629 1812 inculta
647 1776 788 1813 rubent
807 1776 954 1813 aviaria
973 1775 1114 1812 baccis.
1264 1774 1344 1811 430

154 1828 383 1865 Tondentur
402 1829 530 1878 cytisi,
549 1829 665 1866 toedas
685 1829 783 1866 silva
802 1830 879 1867 alta
898 1829 1102 1873 ministrat,

153 1881 449 1930 Pascunturque
467 1883 577 1931 ignes
597 1883 776 1920 nocturni
796 1889 832 1920 et
852 1883 1000 1919 lumina
1019 1882 1203 1918 fundunt.

154 1934 207 1972 Et
226 1935 405 1972 dubitant
424 1936 596 1973 homines
616 1949 743 1974 serere
762 1942 877 1986 atque
896 1936 1119 1984 impendere
1138 1932 1294 1972 curam?

157 1987 261 2034 Quid
280 1988 425 2037 majora
443 1989 807 2038 sequar?—Salices
826 1990 1067 2037 humilesque
1087 1993 1264 2038 genestae,

155 2044 241 2078 Aut
259 2042 334 2078 illae
355 2043 483 2090 pecori
503 2043 688 2088 frondem,
710 2049 777 2080 aut
797 2044 1013 2092 pastoribus
1032 2043 1189 2080 umbras
1269 2040 1347 2077 435

159 2094 375 2140 Sufficiunt,
397 2108 602 2145 sepemque
622 2097 725 2142 satis,
747 2103 785 2134 et
805 2097 946 2146 pabula
965 2097 1138 2133 melli.—

156 2147 211 2184 Et
223 2147 338 2195 juvat
357 2149 566 2186 undantem
586 2151 694 2187 buxo
714 2157 886 2199 spectare
907 2150 1109 2199 Cytorum,

157 2200 415 2250 Naryciaeque
435 2203 531 2250 picis
550 2203 673 2248 lucos3
695 2203 811 2251 juvat
831 2217 925 2241 arva
947 2203 1078 2240 videre

156 2253 248 2290 Non
267 2255 415 2299 rastris,
434 2255 632 2293 hominum
653 2270 730 2294 non
750 2257 818 2294 ulli
839 2257 1008 2294 obnoxia
1027 2267 1145 2293 curae.

156 2307 256 2355 Ipsae
277 2306 465 2344 Caucasio
485 2310 633 2347 steriles
653 2311 691 2347 in
714 2311 859 2348 vertice
880 2311 999 2354 silvae,
1270 2308 1351 2344 440

159 2359 265 2406 Quas
284 2360 445 2397 animosi
465 2360 562 2398 Euri
583 2363 735 2401 assidue
754 2363 1017 2411 franguntque
1036 2362 1257 2409 feruntque,

159 2413 265 2450 Dant
285 2413 380 2451 alios
401 2413 485 2451 aliae
505 2413 619 2459 setus3
637 2416 730 2453 daut
750 2416 843 2453 utile
862 2416 1011 2464 lignum
