1508 2641
118 154 214 205 Ν]
531 152 877 192 GEORGICON.
1256 157 1306 193 59

173 261 268 299 Haec
289 262 353 305 ait,
375 266 414 298 et
432 261 619 309 liquidum
641 261 839 297 ambrosiae
861 260 1041 297 diffundit
1062 261 1229 305 odorem,

120 313 206 360 Quo
226 321 347 352 totum
369 315 448 351 nati
469 327 606 363 corpus
627 314 825 361 perduxit3
845 320 882 350 at
905 314 962 350 illi
1226 315 1306 351 416

118 367 255 405 Dulcis
275 368 493 416 compositis
513 368 675 415 spiravit
696 367 867 403 crinibus
888 379 990 410 aura,

118 421 250 469 Atque
269 421 408 457 habilis
429 421 609 457 membris
630 421 736 456 venit
758 421 878 468 vigor.
920 421 990 457 Est
1010 432 1145 468 specus
1166 420 1304 468 ingens

119 473 238 511 Exesi
258 474 377 511 latere
395 474 435 510 in
456 474 610 518 montis,
629 486 705 521 quo
726 473 890 522 plurima
912 479 1026 510 vento

119 526 284 575 Cogitur
303 528 420 575 inque
440 528 546 564 sinus
567 527 706 563 scindit
728 540 810 563 sese
831 527 933 563 unda
952 527 1141 571 reductos,
1227 527 1306 562 420

117 578 326 628 Deprensis
346 580 436 617 olim
458 581 571 617 statio
590 580 781 617 tutissima
801 580 946 621 nautis3

117 632 231 669 Intus
252 646 291 670 se
313 633 410 670 vasti
433 633 590 670 Proteus
610 634 705 681 tegit
726 632 848 680 objice
869 633 965 669 saxi.

118 685 395 733 Hicjuvenem
414 687 455 723 in
474 685 631 723 latebris
651 699 828 722 aversum
850 700 871 723 a
891 685 1035 722 lumine
1055 685 1239 734 Nympha

118 738 308 783 Collocat3
336 740 419 787 ipsa
438 739 572 788 procul
592 740 743 776 nebulis
763 740 924 775 obscura
943 739 1099 775 resistit.

116 792 208 830 ‹Jam
228 793 384 840 rapidus
405 799 553 829 torrens
574 793 748 829 sitientes
772 792 896 830 Sirius
916 793 1034 828 Indos
1227 792 1304 828 425

117 846 311 889 Ardebat3
340 846 432 883 coeio
453 852 490 883 et
510 846 678 882 medium
702 846 766 883 Sol
786 847 923 894 igneus
943 846 1074 882 orbem

117 898 323 944 Hauserat,
346 900 505 936 arebant
525 900 664 941 herbae,
686 906 723 936 et
744 912 838 936 cava
857 899 1017 935 fiumina
1037 898 1148 935 siccis

117 951 313 989 Faucibus
332 952 380 989 ad
399 953 533 988 limum
554 953 653 989 radii
673 952 863 1001 tepefacta
882 953 1113 999 coquebant:

118 1007 219 1042 Cum
239 1005 404 1042 Proteus
424 1012 608 1043 consueta
628 1011 761 1054 petens
782 1018 802 1042 e
822 1005 1003 1042 fluctibus
1023 1003 1147 1054 antra}

117 1057 224 1101 Ibat;
253 1071 341 1095 eum
361 1059 461 1095 vasti
484 1059 627 1095 circum
648 1071 742 1108 gens
763 1059 919 1095 humida
939 1059 1048 1107 ponti
1229 1058 1308 1094 430

117 1110 313 1148 Exultans
331 1124 457 1149 rorem
477 1112 552 1149 late
573 1113 753 1160 dispersit
773 1125 959 1148 amarum.

121 1165 309 1202 Sternunt
329 1177 368 1201 se
386 1178 519 1202 somno
538 1166 698 1202 diversae
718 1166 759 1201 in
780 1165 892 1202 litore
912 1165 1061 1213 phocae3

117 1217 219 1266 Ipse,
243 1218 348 1255 velut
368 1218 509 1255 stabuli
529 1224 656 1255 custos
676 1219 715 1253 in
736 1219 932 1255 montibus
954 1218 1057 1261 olim,

117 1270 270 1319 Vesper
289 1271 356 1307 ubi
376 1284 397 1308 e
417 1278 528 1319 pastu
549 1272 692 1308 vitulos
713 1272 760 1308 ad
780 1278 881 1308 tecta
903 1271 1063 1315 reducit,

117 1324 353 1372 Auditisque
372 1324 483 1373 lupos
503 1331 646 1361 acuunt
666 1325 858 1360 balatibus
879 1324 982 1372 agni,
1230 1323 1307 1360 435

120 1376 298 1414 Considit
318 1377 474 1426 scopulo
493 1378 652 1421 medius,
675 1389 954 1424 numerumque
975 1381 1161 1414 recenset.

120 1429 243 1478 Cujus
264 1430 433 1467 Aristaeo
453 1431 632 1478 quoniam
653 1437 710 1467 est
730 1431 856 1467 oblata
875 1430 1051 1474 facultas,

118 1482 202 1520 Vix
221 1483 371 1521 defessa
390 1496 519 1520 senem
539 1496 674 1532 passus
693 1496 922 1531 componere
942 1484 1125 1527 membra,

120 1535 220 1574 Cum
239 1537 402 1574 clamore
422 1538 501 1573 ruit
520 1550 671 1585 magno,
692 1537 930 1585 manicisque
943 1536 1138 1584 jacentem

120 1588 306 1638 Occupat.
363 1590 436 1627 Ille
457 1602 534 1627 suae
554 1597 688 1627 contra
707 1603 783 1626 non
804 1590 1004 1626 immemor
1023 1589 1128 1634 artis,
1229 1590 1310 1626 440

121 1642 262 1680 Omnia
281 1642 529 1680 transformat
550 1656 632 1680 sese
651 1643 691 1679 in
712 1643 896 1680 miracula
915 1655 1057 1688 rerum,

118 1695 345 1745 Ignemque,
366 1696 666 1744 horribilemque
681 1696 813 1740 feram,
830 1697 1071 1744 fluviumque
1084 1695 1309 1744 liquentem.

118 1748 268 1787 Verum
289 1749 355 1786 ubi
375 1749 481 1787 nulla
501 1749 630 1795 sugam
651 1750 796 1798 reperit
813 1749 974 1794 fallacia,
999 1749 1123 1786 victus

118 1802 167 1840 In
188 1815 270 1840 sese
289 1803 402 1848 redit,
423 1809 537 1852 atque
557 1803 722 1839 hominis
741 1803 895 1839 tandem
915 1816 980 1840 ore
999 1802 1166 1839 locutus:

118 1855 223 1893 Nam
241 1856 328 1904 quis
348 1863 398 1901 te,
413 1855 606 1903 juvenum
626 1857 962 1899 confidentissime,
982 1862 1131 1892 nostras
1229 1856 1308 1892 445

118 1909 247 1946 Jussit
266 1909 373 1947 adire
393 1909 548 1946 domos?
577 1910 720 1958 quidve
736 1910 825 1946 hinc
841 1909 962 1958 petis?
982 1909 1121 1957 inquit.
1153 1908 1211 1945 At
1229 1909 1309 1945 ille:

123 1962 220 2008 Seis,
241 1963 398 2005 Proteu,
421 1964 493 2000 scis
514 1963 595 2010 ipse
612 1978 620 2005 ;
650 1975 775 2010 neque
795 1970 853 1999 est
872 1969 910 1999 te
930 1962 1063 1999 fallere
1083 1962 1311 2010 quidquam3

123 2014 199 2053 Sed
219 2022 261 2052 tu
282 2016 413 2053 desine
434 2017 546 2053 velle.
604 2016 729 2053 Deum
752 2022 940 2064 praecepta
960 2016 1082 2053 secuti

119 2068 322 2114 Venimus,
343 2070 432 2106 hinc
451 2069 568 2118 lapsis
588 2070 791 2117 quaesitum
813 2069 965 2106 oracula
986 2070 1111 2106 rebus.

121 2122 291 2159 Tantum
312 2122 460 2159 effatus.
517 2121 582 2159 Ad
603 2124 681 2159 haec
701 2129 808 2160 vates
825 2123 863 2158 vi
884 2123 1049 2170 denique
1066 2121 1186 2158 multa
1231 2123 1311 2158 450

120 2175 317 2212 Ardentes
337 2176 468 2213 oculos
487 2176 640 2213 intorsit
661 2176 805 2213 lumine
827 2176 974 2224 glauco,

120 2227 175 2265 Et
193 2228 367 2276 graviter
384 2228 565 2267 frendens
585 2229 640 2267 sic
661 2230 749 2266 fatis
769 2243 835 2266 ora
855 2229 1029 2266 resolvit:

120 2281 212 2319 Non
232 2287 270 2318 te
291 2281 434 2318 nullius
454 2290 635 2319 exercent
655 2283 824 2318 numinis
844 2283 921 2318 irae.

122 2334 269 2383 Magna
287 2334 362 2371 luis
382 2336 597 2372 commissa:
619 2336 688 2372 tibi
712 2337 779 2372 lias
799 2334 1028 2372 miserabilis
1050 2333 1228 2381 Orpheus

123 2387 431 2436 Haudquaquam
453 2389 501 2424 ob
523 2389 700 2427 meritum
722 2402 864 2437 poenas,
888 2389 925 2424 ni
947 2388 1026 2424 {hta
1045 2387 1236 2433 resistant,
