1493 2641
131 179 182 216 50
428 179 472 216 P.
504 177 751 217 VIRGILH
782 179 1044 220 MAR'ONIS
1208 178 1322 234 [Lm.

119 284 207 323 Neu
230 287 388 335 propius
408 287 520 323 tectis
539 292 672 324 taxum
695 288 788 332 sine,
811 301 910 325 neve
930 289 1113 326 rubentes

120 340 203 377 Ure
224 341 308 377 foco
328 352 497 383 cancros,
516 340 601 376 altae
621 353 694 377 neu
717 342 829 378 crede
849 342 992 389 paludi,

115 395 203 430 Aut
222 394 287 430 ubi
309 394 403 430 odor
423 393 520 430 coeni
541 394 683 442 gravia
705 400 770 431 aut
792 396 856 431 ubi
879 407 1047 432 concava
1068 396 1181 443 pulsu

119 446 223 484 Saxa
243 453 393 491 sonant,
415 447 597 494 vocisque
617 447 761 484 offensa
781 448 942 485 resultat
962 449 1101 498 imago.
1265 452 1321 487 50

170 499 283 545 Quod
303 507 489 549 superest,
510 501 573 537 ubi
594 501 741 548 pulsam
763 502 926 538 hiemem
948 502 1002 539 sol
1023 515 1163 540 aureus
1183 502 1264 553 egit

117 553 199 592 Sub
220 561 352 598 terras,
375 554 591 602 coelumque
609 555 743 591 festiva
761 555 847 592 luce
864 555 1036 600 reclusit,

112 605 196 643 Illae
217 607 401 644 continuo
417 608 537 644 saltus
558 608 750 655 silvasque
771 616 991 657 peragrant,

111 661 414 709 Purpureosque
435 667 585 697 metunt
601 661 726 706 flores,
748 669 786 698 et
805 662 964 698 flumina
985 662 1109 698 libant

115 713 275 751 Summa
295 715 410 751 leves.
470 713 573 751 Hine
589 714 717 752 nescio
736 728 814 764 qua
834 715 1037 753 dulcedine
1056 716 1153 753 laetae
1262 719 1316 754 55

113 767 347 815 Progeniem
369 769 555 816 nidosque
576 767 725 810 fovent3
754 769 845 805 hinc
865 776 947 805 arte
967 776 1142 806 recentes

110 821 324 858 Excudunt
344 834 460 865 ceras,
483 828 520 857 et
541 822 654 858 mella
672 822 824 859 tenacia
843 823 1006 871 fingunt.

112 874 217 912 Hinc
238 875 303 911 ubi
318 874 398 922 jam
420 875 600 912 emissum
621 875 749 912 caveis
770 876 816 912 ad
837 876 960 912 sidera
982 876 1066 912 coeli

110 927 219 965 Nare
238 941 307 976 per
327 934 495 965 :estatem
518 928 704 976 liquidam
726 929 946 976 suspexeris
966 941 1114 977 agmen,

112 981 406 1030 Obscuramque
426 981 527 1018 trahi
549 987 666 1018 vento
686 982 877 1019 mirabere
897 983 1050 1026 nubem,
1261 984 1318 1020 60

109 1034 416 1084 Contemplator:
445 1047 562 1082 aquas
582 1035 712 1072 dulces
732 1042 769 1072 et
791 1035 951 1071 frondea
972 1047 1122 1084 semper

110 1088 231 1125 Tecta
252 1095 401 1137 petunt.
463 1089 551 1124 Huc
572 1094 614 1124 tu
629 1087 760 1135 jussos
780 1090 967 1137 adsperge
983 1101 1148 1137 sapores,

108 1142 221 1178 Trita
240 1141 483 1191 melisphylla
504 1148 541 1178 et
562 1142 745 1178 cerinthae
766 1142 937 1191 ignobile
958 1155 1133 1186 rrramem

111 1195 373 1243 Tinnitusque
394 1195 464 1239 cie,
488 1202 525 1231 et
545 1194 684 1231 Matris
703 1202 819 1243 quate
839 1196 1016 1244 cymbala
1036 1195 1194 1232 circum.

106 1249 207 1298 Ipsae
227 1249 426 1286 consident
449 1248 647 1284 medicatis
667 1249 833 1292 sedibus,
850 1249 942 1296 ipsae
1258 1250 1312 1287 65

108 1301 250 1339 Intima
273 1315 379 1337 more
395 1314 464 1338 suo
484 1313 566 1338 sese
585 1301 625 1336 in
647 1302 837 1338 cunabula
860 1302 1038 1339 condent.

166 1356 234 1392 Sin
258 1365 384 1392 autem
407 1355 452 1391 ad
475 1367 643 1403 pugnam
664 1355 992 1399 exie1⁹int,-nam
1014 1367 1113 1404 saepe
1133 1355 1286 1393 duobus

108 1409 284 1458 Regibus
304 1409 461 1446 incessit
482 1420 622 1456 magno
643 1408 833 1445 discordia
854 1414 1015 1444 motu——

110 1461 383 1510 Continuoque
404 1461 679 1509 animosvulgi
700 1467 738 1498 et
758 1461 993 1510 trepidantia
1012 1461 1112 1498 bello

109 1515 239 1554 Corda
257 1516 347 1552 licet
367 1516 480 1563 longe
501 1514 759 1563 prsesciscere:
790 1527 956 1563 namque
975 1520 1170 1553 morantes
1258 1513 1314 1554 70

108 1569 278 1607 Martius
298 1569 361 1605 ille
380 1569 466 1605 aeris
487 1568 591 1604 rauci
613 1579 729 1604 canor
748 1568 933 1616 increpat,
957 1574 996 1604 et
1018 1581 1095 1604 vox

107 1621 282 1660 Auditur
301 1622 442 1659 fractos
464 1621 613 1657 sonitus
633 1621 784 1658 imitata
803 1623 1000 1658 tubarum:

109 1677 211 1714 Tum
227 1677 387 1725 trepidae
406 1676 509 1712 inter
527 1687 567 1712 se
587 1677 741 1717 coeunt,
764 1675 978 1723 pennisque
997 1680 1212 1720 coruscant,

109 1729 340 1779 Spiculaque
360 1734 556 1766 exacuunt
575 1729 720 1767 rostris,
743 1734 952 1777 aptantque
972 1728 1148 1773 lacertos,

108 1784 161 1821 Et
180 1784 283 1822 circa
302 1795 432 1832 regem
454 1789 567 1829 atque
588 1781 670 1830 ipsa
689 1782 736 1818 ad
757 1782 938 1830 praetoria
957 1781 1084 1818 ‹lensae
1257 1780 1310 1820 75

108 1837 337 1881 Miscentur,
360 1836 587 1885 magnisque
608 1841 746 1872 vocant
765 1835 998 1872 clamoribus
1018 1835 1178 1872 hostem.

107 1891 214 1939 Ergo
238 1891 299 1927 ubi
321 1903 391 1926 ver
410 1896 530 1926 nactae
551 1889 689 1924 sudum
710 1901 939 1937 camposque
958 1893 1144 1936 patentes,

109 1944 333 1993 Erumpunt
355 1943 491 1991 portis:
522 1942 782 1985 coneum-itum
812 1942 954 1978 femere
975 1941 1012 1977 in
1034 1941 1110 1978 alto

108 1998 174 2034 Fit
196 1998 360 2040 sonitum
389 2008 568 2045 magnum
590 1995 722 2031 mixtoe
741 1995 1004 2042 glomerantur
1022 1995 1063 2030 in
1083 1995 1227 2039 orbem,

110 2050 413 2099 Praecipitesque
434 2050 591 2086 cadunt:
623 2060 694 2084 non
717 2048 871 2085 densior
891 2051 981 2085 aere
1000 2048 1159 2097 grando,
1253 2049 1310 2086 So

109 2104 195 2142 Nec
215 2107 261 2141 (le
281 2116 465 2141 concussa
483 2109 633 2139 tantum
654 2102 753 2150 pluit
773 2101 1043 2150 ilice-glandis.

106 2158 188 2207 Ipsi
211 2171 278 2206 per
298 2157 442 2194 medias
462 2156 573 2200 acies,
595 2155 813 2200 insignibus
828 2155 909 2199 alis,

108 2213 294 2261 Ingentes
315 2210 461 2247 animos
482 2216 646 2257 angusto
666 2209 703 2244 in
727 2215 880 2257 pectore
901 2214 1069 2252 versant,

109 2265 242 2314 Usque
262 2265 356 2301 adeo
375 2263 508 2300 obnixi
531 2276 606 2299 non
627 2262 774 2306 cedere,
794 2262 884 2298 dum
905 2262 1037 2310 gravis
1057 2266 1123 2298 aut
1143 2262 1212 2299 hos

105 2319 190 2356 Aut
210 2319 278 2354 hos
300 2330 411 2355 versa
430 2316 522 2365 fuga
537 2316 662 2353 victor
682 2316 772 2352 (lare
792 2321 900 2363 terga
921 2315 1086 2363 subegit.
1251 2315 1303 2352 85

105 2372 159 2409 Hi
181 2378 307 2409 motus
327 2372 541 2408 animorum
564 2375 678 2418 atque
706 2369 785 2405 liaec
805 2369 1015 2406 certamina
1033 2374 1140 2406 tanta

102 2425 284 2463 Pulveris
303 2424 435 2473 exigui
452 2423 556 2471 jactu
578 2434 793 2471 compressa
814 2421 1030 2471 quiescunt.
