1493 2641
103 155 153 191 58
399 152 442 189 P.
476 150 722 190 VIRGILII
752 149 1013 189 MARONIS
1183 151 1295 202 [Lm.

103 260 316 308 Postquam
336 265 393 297 est
413 260 453 296 in
474 259 630 295 thalami
652 258 860 307 pendentia
879 258 1030 307 pumice
1051 264 1152 296 tecta

103 313 354 356 Perventum,
375 319 412 349 et
436 312 515 348 nati
535 313 648 349 fletus
668 313 848 361 cognovit
868 313 1001 348 inanes
1217 310 1295 351 375

105 366 271 415 Cyrene,
294 367 470 403 manibus
489 365 654 413 liquidos
674 366 766 402 dant
786 366 918 402 ordine
938 365 1063 402 sontes

105 419 322 462 Germanae,
345 419 538 467 tonsisque
559 418 689 455 serunt
708 419 889 456 mantelia
906 419 1027 460 villis;

102 471 201 509 Pars
221 473 345 521 epulis
368 478 529 509 onerant
549 484 712 516 mensas,
734 479 772 508 et
792 472 905 521 plena
925 477 1119 519 reponunt

103 525 260 568 Pocula;
285 526 484 562 Panchaeis
503 525 726 562 adolescunt
747 526 902 573 ignibus
921 537 1016 567 arae3

105 579 157 615 Et
179 587 310 620 mater,
335 579 439 626 Cape
464 579 619 615 Maeonii
640 580 834 616 carchesia
854 577 1012 615 Bacchi:
1217 579 1296 615 380

105 630 260 669 Oceano
279 632 461 669 libemus!
484 632 549 669 ait.
611 633 733 668 Simul
755 633 836 680 ipsa
858 638 1037 680 precatur

105 685 379 733 Oceanumque
400 692 547 734 patrem
567 698 709 731 rerum,
730 685 1010 735 Nymphasque
1027 697 1188 728 sorores,

105 738 273 776 Centum
294 751 379 787 quse
402 740 531 783 silvas,
552 746 707 775 centum
727 750 811 787 quae
832 739 993 775 flumina
1020 746 1189 775 servant.

105 792 185 830 Ter
203 793 350 840 liquido
370 793 568 829 ardentem
589 792 760 840 perfudit
780 799 934 829 nectare
955 792 1127 834 Vestam,

105 846 184 886 Ter
203 846 357 883 flamma
376 847 423 882 ad
444 858 636 882 summum
655 846 747 882 tecti
767 845 939 893 subjecta
958 846 1120 887 reluxit3
1216 846 1294 882 385

105 897 246 936 Omine
266 912 341 948 quo
361 901 517 936 firmans
537 900 719 943 animum,
742 899 796 936 sic
817 899 953 947 incipit
972 899 1072 947 ipsa:

158 952 230 989 Est
248 953 289 988 in
312 951 523 1000 Carpathio
544 952 720 1000 Neptuni
740 953 895 1000 gurgite
916 959 1022 988 vates

105 1005 306 1043 Caeruleus
328 1006 502 1049 Proteus,
524 1018 707 1054 magnum
727 1006 791 1053 qui
812 1006 983 1054 piscibus
1003 1017 1133 1052 :equor

104 1059 311 1107 Etjuncto
330 1059 513 1108 bipedum
534 1072 648 1095 curru
671 1059 830 1095 metitur
849 1071 1051 1106 equorum.

106 1112 184 1150 Hic
208 1125 311 1150 nune
332 1113 521 1149 Emathiae
541 1121 674 1160 portus
694 1113 934 1161 patriamque
954 1111 1091 1149 revisit
1219 1112 1297 1148 390

102 1166 303 1203 Pallenen.
363 1167 480 1203 Hunc
499 1173 537 1203 et
558 1164 749 1215 Nymphae
771 1178 1011 1209 veneramur,
1035 1171 1072 1202 et
1092 1165 1174 1213 ipse

104 1218 344 1256 Grandaevus
364 1219 534 1262 Nereus3
556 1220 664 1256 novit
683 1231 847 1268 namque
868 1219 996 1255 omnia
1017 1225 1133 1262 vates.

105 1272 201 1319 Quae
221 1278 322 1316 sunt,
343 1285 429 1319 quae
447 1272 616 1316 fuerunt,
638 1285 722 1320 quae
742 1285 833 1309 mox
853 1279 1019 1309 ventura
1037 1272 1257 1308 trahuntur.

105 1325 260 1375 Quippe
279 1326 333 1363 ita
354 1326 539 1375 Neptuno
560 1326 685 1362 visum
707 1331 775 1370 est,
796 1326 979 1362 immania
999 1324 1109 1373 cujus

103 1381 295 1416 Armenta
315 1386 353 1416 et
373 1386 505 1428 turpes
527 1380 647 1427 pascit
667 1380 738 1416 sub
757 1380 913 1427 gurgite
933 1380 1086 1427 phocas.
1217 1379 1294 1415 395

104 1433 183 1470 Hie
202 1433 285 1478 tibi,
308 1441 407 1476 nate,
429 1433 538 1482 prius
557 1433 696 1469 vinclis
715 1433 936 1481 capiendus,
958 1439 1001 1469 ut
1019 1444 1170 1469 omnem

103 1486 301 1535 Expediat
319 1488 443 1523 morbi
463 1498 628 1530 causam,
651 1492 890 1533 eventusque
910 1486 1105 1522 secundet.

103 1539 206 1576 Nam
228 1540 310 1576 sine
330 1540 370 1575 vi
391 1552 467 1576 non
489 1540 565 1576 ulla
585 1539 692 1575 dabit
711 1545 913 1587 praecepta,
934 1551 1059 1587 neque
1078 1538 1189 1574 illum

105 1592 263 1631 orando
282 1593 428 1630 flectes:
451 1593 531 1629 vim
551 1594 687 1629 duram
706 1600 744 1629 et
764 1592 919 1629 vincula
938 1599 1050 1640 capto

104 1645 258 1690 Tende3
278 1646 355 1683 doli
376 1646 521 1683 circum
542 1646 623 1682 haec
643 1646 798 1682 demum
817 1645 1047 1693 frangentur
1065 1644 1212 1682 inanes.

102 1700 194 1749 Ipsa
217 1712 289 1748 ego
308 1706 358 1743 te,
380 1700 525 1737 medios
544 1712 631 1736 cum
656 1698 719 1736 Sol
740 1699 958 1736 accenderit
978 1705 1105 1743 aestus,
1217 1699 1289 1735 401

105 1753 206 1792 Cum
227 1754 364 1790 sitiunt
384 1754 524 1798 herbae,
547 1758 584 1790 et
604 1753 732 1801 pecori
746 1752 830 1800 jam
849 1753 996 1802 gratior
1017 1753 1153 1789 umbra
1171 1758 1240 1796 est,

102 1807 151 1844 In
173 1813 319 1844 secreta
338 1807 443 1844 senis
464 1807 613 1850 ducam,
633 1818 709 1854 quo
728 1805 852 1843 fessus
871 1807 919 1843 ab
942 1806 1053 1842 undis

106 1862 156 1898 Se
175 1861 324 1908 recipit,
345 1859 458 1897 facile
478 1866 520 1896 ut
541 1872 672 1896 somno
687 1860 912 1908 adgrediare
925 1858 1133 1907 jacentem.

102 1914 253 1952 Verum
273 1914 338 1950 ubi
360 1921 577 1962 correptum
598 1914 774 1950 manibus
796 1913 1006 1961 vinclisque
1026 1911 1187 1956 tenebiS,
1217 1912 1294 1948 405

104 1967 207 2004 Tum
231 1967 347 2003 variae
367 1967 523 2004 eludent
545 1967 689 2015 species
709 1973 824 2015 atque
844 1979 911 2003 ora
930 1966 1115 2003 ferarum.

102 2021 193 2058 Fiet
213 2021 315 2057 enim
338 2021 465 2057 subito
487 2032 550 2056 sus
571 2020 762 2064 horridus,
783 2027 943 2068 atraque
962 2019 1089 2068 tigris,

106 2076 420 2122 squamosusque
439 2075 564 2117 draco,
587 2081 624 2109 et
643 2073 753 2110 fulva
773 2074 924 2110 cervice
943 2073 1079 2116 leaena3

104 2129 189 2164 Aut
209 2140 335 2164 acrem
355 2127 517 2164 flammae
537 2127 704 2163 sonitum
726 2127 831 2163 dabit
853 2133 968 2175 atque
988 2126 1042 2163 ita
1062 2125 1200 2162 vinclis

102 2180 287 2224 Excidet;
307 2187 373 2217 aut
393 2180 433 2216 in
455 2193 571 2228 aquas
591 2187 725 2217 tenues
745 2180 914 2229 dilapsus
934 2180 1070 2216 abibit.
1215 2180 1294 2215 410

107 2234 195 2278 Sed,
215 2240 359 2282 quanto
378 2234 442 2270 ille
461 2234 585 2282 magis
604 2234 744 2270 formas
765 2246 804 2270 se
825 2240 950 2270 vertet
970 2234 1009 2269 in
1029 2245 1171 2278 omnes,

105 2288 245 2332 Tanto,
267 2294 370 2332 nate,
391 2287 512 2336 magis
533 2288 720 2323 contende
740 2287 891 2324 tenacia
911 2287 1048 2331 vincla,

105 2341 239 2377 Donec
258 2341 347 2378 talis
367 2342 451 2385 erit,
474 2347 620 2378 mutato
641 2353 811 2389 corpore,
831 2340 981 2389 qualem

105 2393 273 2439 Videris,
296 2395 448 2443 incepto
468 2401 616 2442 tegeret
634 2407 719 2431 cnm
742 2394 886 2431 lumina
906 2406 1050 2432 somno.
