1493 2641
109 159 161 194 56
403 155 448 192 Ρ.
479 153 730 192 VIRGILII
760 151 1021 191 MARONIS
1192 150 1305 204 [Lim

109 262 240 312 Usque
259 262 437 300 coloratis
457 261 581 298 amnis
601 261 773 298 devexus
792 261 840 297 ab
861 259 981 304 Indis,

110 317 163 354 Et
184 317 348 353 viridem
369 315 588 364 AEgyptum
609 316 722 363 nigra
741 314 922 351 tecundat
943 326 1085 357 arena3

112 370 249 408 Omnis
269 371 307 405 in
329 370 400 406 hac
420 375 563 405 certam
585 369 692 417 regio
707 368 805 416 jacit
824 373 906 404 arte
927 367 1104 405 salutem.

165 424 346 472 Exiguus
366 423 531 470 primum
555 429 669 470 atque
684 422 787 470 ipsos
807 428 1026 458 contractus
1046 422 1093 458 ad
1112 432 1206 457 usus
1226 421 1307 458 295

109 476 283 526 Eligitur
303 477 426 518 locus;
455 476 557 512 hunc
578 476 811 524 angustique
831 475 992 512 imbrice
1011 475 1105 511 tecti

109 530 408 577 Parietibusque
427 534 609 577 premunt
628 529 732 574 artis,
755 535 792 564 et
811 535 978 576 quatuor
999 529 1160 573 addunt,

111 583 287 629 Quatuor
307 596 327 619 a
347 583 475 619 ventis
495 583 650 630 obliqua
669 582 752 619 luce
771 581 970 618 fenestras.

109 638 212 674 Tum
234 636 390 680 vitulus,
412 637 518 673 bima
537 648 704 673 curvans
720 635 802 683 jain
822 647 965 672 cornua
984 634 1124 679 fronte,

111 689 308 736 Quaeritur
326 705 335 733 ;
364 690 454 726 huie
473 689 637 738 geminae
656 702 767 726 nares
787 694 824 725 et
845 689 1003 737 spiritus
1022 689 1100 725 oris
1227 690 1310 725 300

108 744 238 780 Multa
258 743 464 780 reluctanti
485 743 715 788 obstruitur,
735 743 935 791 plagisque
955 749 1128 790 peremto

109 797 244 834 Tunsa
262 810 331 845 per
350 797 542 846 integram
563 796 768 833 solvuntur
790 797 936 831 viscera
957 795 1107 844 pellem.

111 851 177 888 Sic
196 851 364 899 positum
383 851 423 886 in
444 850 573 887 clauso
593 850 785 898 linquunt,
808 855 846 885 et
865 861 994 886 ramea
1014 849 1129 886 costis

110 903 330 952 Subjieiunt
350 903 577 952 fragmenta,
599 904 777 952 thymum
796 903 994 950 casiasque
1013 908 1198 939 recentes.

111 958 198 994 Hoc
216 957 377 1006 geritur,
394 956 583 1006 Zephyris
597 958 764 1004 primum
778 955 1065 1004 impellentibus
1079 956 1212 1000 undas,
1230 957 1310 992 305

109 1011 218 1048 Ante
237 1011 348 1047 novis
367 1011 532 1047 rubeant
551 1022 663 1058 quam
685 1016 796 1058 prata
815 1009 1020 1054 coloribus,
1040 1014 1129 1046 ante

111 1063 281 1101 Garrula
299 1076 414 1112 quam
435 1064 554 1113 tignis
575 1064 707 1100 nidum
729 1063 941 1111 suspendat
964 1062 1146 1099 hirundo.
1174 1078 1176 1080 ·

110 1118 265 1155 Interea
285 1118 429 1154 teneris
450 1116 664 1165 tepefactus
683 1117 723 1153 in
745 1116 898 1154 ossibus
918 1116 1057 1153 humor

110 1171 296 1215 AEstuat3
325 1178 363 1208 et
384 1171 544 1208 visenda
563 1171 685 1207 modis
706 1170 887 1207 animalia
906 1169 1027 1214 miris,

111 1224 269 1262 Trunca
288 1225 430 1274 pedum
449 1224 587 1273 primo,
608 1236 700 1260 mox
721 1231 759 1261 et
779 1224 983 1261 stridentia
1003 1223 1152 1272 pennis,
1230 1224 1313 1260 310

112 1277 343 1322 Miscentur,
365 1283 597 1324 tenuemque
618 1276 741 1325 inagis
760 1277 884 1325 magis
904 1279 997 1313 aera
1018 1283 1181 1326 carpunt
1200 1291 1211 1320 3

111 1329 254 1376 Donec,
276 1338 319 1368 ut
338 1330 484 1368 aestivis
504 1330 648 1368 effusus
669 1331 836 1367 nubibus
856 1331 990 1374 imber,

111 1385 302 1434 Erupere,
322 1391 389 1422 aut.
409 1391 463 1429 ut,
484 1397 605 1422 nervo
626 1384 815 1433 pulsante,
838 1384 1001 1432 sagittae‚

110 1438 244 1476 Prima
262 1439 367 1475 leves
382 1438 518 1475 ineunt
538 1438 569 1475 si
590 1438 743 1486 quando
762 1437 897 1486 proelia
918 1437 1066 1474 Parthi.

169 1492 266 1538 Quis
278 1493 372 1529 deus
385 1492 497 1536 hanc,
511 1491 646 1536 Musae,
661 1491 750 1540 quis
764 1491 874 1527 nobis
890 1490 1043 1527 extudit
1058 1489 1203 1527 artem?
1232 1491 1311 1527 315

112 1545 231 1584 Unde
250 1558 352 1582 nova
371 1545 569 1594 ingressus
589 1545 787 1582 hominum
808 1543 1050 1592 experientia
1069 1543 1202 1593 cepit?

113 1599 253 1637 Pastor
272 1599 464 1636 Aristaeus
484 1597 638 1648 fugiens
659 1599 805 1635 Peneia
825 1597 984 1645 Tempe,

114 1652 293 1698 Amissis,
316 1659 357 1689 ut
376 1652 489 1696 fama,
511 1652 648 1700 apibus
667 1653 877 1699 morboque
895 1650 1083 1698 fameque,

115 1706 257 1744 Tristis
277 1707 325 1743 ad
351 1706 516 1743 extremi
536 1718 687 1742 sacrum
708 1712 824 1754 caput
844 1704 994 1742 adstitit
1013 1704 1148 1750 amnis,

116 1760 243 1798 Multa
263 1772 439 1808 querens,
462 1765 575 1807 atque
595 1759 666 1796 hac
686 1758 838 1796 adfatus
858 1770 952 1795 voce
973 1764 1171 1807 parentem
1193 1771 1202 1794 ε
1232 1758 1314 1794 320

115 1814 256 1860 Mater,
280 1814 434 1863 Cyrene
453 1820 589 1858 mater,
608 1825 692 1860 quae
712 1812 880 1860 gurgitis
899 1811 1016 1859 hujus

116 1867 203 1905 Ima
221 1874 342 1912 tenes,
361 1867 457 1916 quid
477 1879 538 1903 me
558 1867 740 1915 praeclara
761 1867 880 1913 stirpe
900 1866 1059 1902 deorum

119 1921 159 1958 Si
178 1921 301 1967 modo,
323 1933 437 1969 quem
459 1920 649 1969 perhibes,
671 1926 782 1969 pater
801 1925 859 1956 est
879 1919 1136 1968 Thymbraeus
1158 1917 1312 1967 Apollo,

116 1975 293 2012 Invisum
313 1974 404 2011 fatis
422 1974 591 2023 genuisti
611 1973 627 2010 ἶ)
683 1971 767 2009 Aut
785 1985 861 2021 quo
881 1972 953 2009 tibi
973 1971 1094 2008 nostri

116 2027 256 2065 Pulsus
275 2040 381 2064 amor
400 2027 416 2064 ’ἓ
473 2026 578 2070 Quid
598 2039 658 2063 me
677 2027 813 2063 coelum
833 2038 987 2074 sperare
1000 2024 1167 2072 jubebas
1187 2023 1204 2061 ἶ)
1233 2026 1313 2062 325

117 2080 179 2118 En
200 2082 316 2118 etiam
336 2082 438 2118 hunc
458 2081 583 2129 ipsum
603 2081 694 2117 vitae
714 2079 885 2117 mortalis
904 2079 1094 2123 honorem,

119 2134 245 2181 Quem
264 2135 359 2170 mihi
381 2135 450 2170 vix
469 2135 626 2183 frugum
646 2140 684 2170 et
704 2133 893 2181 pecudum
914 2132 1087 2169 custodia
1107 2131 1242 2169 sollers

120 2187 262 2226 Omnia
282 2188 447 2224 tentanti
469 2187 688 2232 extuderat,
708 2194 746 2224 te
766 2192 899 2231 matre,
923 2186 1113 2234 relinquo,

122 2240 226 2287 Quin
248 2254 329 2290 age,
351 2247 389 2278 et
409 2241 491 2289 ipsa
512 2253 626 2277 manu
648 2240 779 2278 felices
800 2251 891 2276 erue
911 2239 1043 2283 silvas3

119 2295 197 2332 Fer
210 2295 370 2332 stabulis
383 2294 732 2342 inimicumignem,
743 2300 858 2341 atque
870 2293 1044 2330 interfice
1057 2305 1217 2336 nie-sses3
1236 2293 1317 2329 330

121 2348 205 2386 Ure
225 2355 317 2393 sata,
340 2354 377 2385 ct
398 2348 564 2385 validam
583 2348 622 2384 in
646 2348 743 2384 vites
765 2347 898 2383 molire
918 2347 1124 2395 bipennem
1141 2361 1152 2390 ;

120 2400 249 2440 Tanta
268 2413 360 2440 mere
382 2402 411 2439 si
433 2408 471 2439 tc
490 2408 675 2450 ceperunt
695 2401 807 2438 taedia
829 2401 964 2438 laudis.
