1493 2641
123 174 176 210 40
419 171 463 209 P.
495 168 743 208 VIRGILII
773 169 1034 210 MARONIS
1204 170 1315 224 [Lm.

124 279 265 317 Nonne
287 278 404 322 vides,
427 284 469 314 ut
488 283 569 314 tota
588 283 732 314 tremor
750 282 944 326 pertentet
963 290 1149 326 equorum
1235 280 1314 317 250

124 332 308 382 Corpora,
331 333 362 368 si
382 339 533 368 tantum
553 337 662 368 notas
682 332 775 368 odor
794 332 928 368 attulit
945 331 1088 369 auras?

123 387 187 423 Ac
206 398 330 434 neque
350 398 413 422 eos
427 385 510 433 jam
529 384 639 421 frena
659 385 799 429 virum,
821 397 945 433 neque
963 387 1128 422 verbera
1148 397 1261 431 saeva,

123 439 215 477 Non
235 439 381 488 scopuli
401 451 592 486 rupesque
612 449 715 475 cavae
736 445 853 487 atque
873 437 1023 486 objecta
1042 439 1240 476 retardant

123 492 315 537 Flumina,
337 498 532 541 correptos
553 492 656 528 unda
675 491 894 539 torquentia
915 499 1075 529 montes.

123 546 213 595 Ipse
233 546 311 582 ruit
331 546 542 594 dentesque
565 545 777 582 Sabellicus
797 546 952 582 exacuit
972 558 1047 590 sus,
1239 546 1317 582 255

122 599 175 636 Et
195 600 290 648 pede
311 599 527 648 prosubigit
548 605 701 643 terram,
723 598 836 635 fricat
856 600 992 636 arbore
1012 605 1148 641 costas,

122 654 255 702 Atque
276 653 365 689 hinc
385 659 501 701 atque
519 652 626 689 illinc
646 652 826 689 humeros
846 653 892 689 ad
915 653 1071 689 volnera
1091 653 1219 689 durat.

124 705 229 753 Quid
242 705 413 754 juvenis,
434 718 617 754 magnum
637 706 699 742 cui
721 711 849 742 versat
868 707 907 742 in
929 706 1078 743 ossibus
1097 706 1228 754 ignem

123 760 255 797 Durus
276 759 404 796 arnor?
461 759 610 808 Nempe
629 759 803 808 abruptis
825 761 980 796 turbata
1000 759 1178 808 procellis

121 812 249 851 Nocte
268 819 374 850 natat
395 824 495 850 caeca
515 825 622 850 serus
641 812 757 856 freta3
777 826 891 862 quem
911 825 1026 861 super
1045 813 1183 862 ingens
1238 812 1318 850 260

121 866 242 904 Porta
260 873 369 904 tonat
387 867 484 911 coeli,
506 873 543 904 et
564 867 729 915 scopulis
748 867 849 903 illisa
868 867 1078 903 reclamant

122 920 316 968 AEquora3
345 932 415 957 nec
437 920 563 956 miseri
586 926 745 967 possunt
765 932 946 956 revocare
966 925 1156 967 parentes,

121 973 206 1010 Nec
225 974 413 1010 moritura
433 986 548 1022 super
566 973 713 1010 crudeli
732 972 866 1010 funere
886 973 1011 1021 virgo.

123 1027 229 1073 Quid
249 1028 380 1077 lynces
400 1026 544 1063 Bacchi
564 1026 682 1062 variae
701 1033 739 1063 et
759 1039 881 1074 genus
900 1038 988 1063 acre
1008 1026 1186 1073 luporum

121 1080 255 1129 Atque
276 1093 415 1117 canum
433 1079 448 1117 ?
469 1080 570 1127 quid,
592 1091 678 1128 quae
699 1080 873 1117 imbelles
892 1080 984 1116 dant
1004 1079 1138 1128 proelia
1158 1078 1263 1116 cervi
1282 1078 1298 1116 ?

125 1133 282 1171 Scilicet
301 1141 390 1171 ante
410 1146 541 1170 omnes
561 1133 668 1169 furor
688 1140 745 1170 est
765 1133 929 1182 insignis
950 1145 1151 1180 equarum3
1238 1133 1317 1170 266

120 1187 174 1224 Et
192 1193 360 1224 mentem
380 1186 517 1224 Venus
536 1187 620 1235 ipsa
640 1187 756 1231 dedit,
778 1200 854 1234 quo
873 1193 1045 1234 tempore
1068 1185 1210 1223 Glauci

122 1241 331 1278 Potniades
352 1241 462 1277 malis
482 1241 654 1277 membra
673 1242 893 1277 absumsere
913 1240 1122 1288 quadrigae.

121 1294 215 1331 Illas
235 1294 343 1331 ducit
362 1306 469 1330 amor
488 1299 595 1330 trans
617 1292 795 1342 Gargara
815 1301 998 1341 transque
1018 1298 1219 1330 sonantem

121 1348 354 1391 Ascanium3
373 1352 558 1395 superant
577 1353 726 1383 montes
745 1353 783 1383 et
802 1347 963 1382 fiumina
982 1352 1150 1382 tranant.
1238 1344 1319 1384 270

123 1401 407 1449 Continuoque,
429 1400 553 1437 avidis
575 1401 639 1437 ubi
661 1400 815 1436 subdita
833 1400 988 1436 flamma
1009 1399 1198 1445 medullis,

121 1454 227 1492 Vere
246 1455 382 1503 magis,
402 1454 493 1503 quia
513 1466 604 1490 vere
624 1453 727 1490 calor
747 1454 847 1490 redit
867 1454 1027 1497 ossibus,
1050 1453 1125 1489 illae

123 1507 203 1546 Ore
222 1520 354 1545 omnes
374 1519 496 1544 versas
517 1507 556 1542 in
577 1507 799 1556 Zephyrum
820 1512 924 1543 stant
942 1507 1106 1554 rupibus
1126 1505 1227 1552 altiS,

121 1561 420 1611 Exceptantque
440 1561 544 1598 leves
563 1572 693 1603 auras;
714 1566 751 1597 et
771 1572 872 1608 saepe
892 1560 975 1596 sine
995 1560 1083 1596 ullis

123 1614 219 1664 Conj
230 1616 328 1664 ugiis
348 1621 464 1652 vento
482 1614 886 1663 gravidae—mirabile
904 1613 1065 1650 dictu—
1239 1610 1317 1651 275

125 1670 228 1706 Saxa
247 1682 316 1717 per
336 1674 374 1705 et
393 1668 568 1716 scopulos
588 1674 625 1705 et
645 1667 843 1716 depressas
863 1667 1057 1704 convalles

122 1722 357 1772 Diffugiunt,
381 1734 468 1767 non,
490 1721 606 1766 Eure,
629 1726 725 1766 tuos,
748 1733 871 1770 neque
892 1720 981 1756 solis
1002 1720 1050 1756 ad
1068 1724 1187 1765 ortus,

122 1776 170 1813 In
191 1776 344 1813 Borean
367 1775 627 1823 Caurumque,
649 1781 714 1811 aut
738 1775 836 1811 unde
857 1774 1090 1822 nigerrimus
1111 1773 1260 1810 Auster

122 1827 320 1875 Nascitur,
343 1835 380 1866 et
400 1829 534 1878 pluvio
554 1828 756 1865 contristat
775 1827 920 1876 frigore
939 1827 1090 1864 coelum.

126 1884 204 1921 Hic
224 1884 391 1929 demum,
412 1883 663 1932 hippomanes
683 1894 775 1918 vero
795 1882 897 1930 quod
917 1881 1071 1918 nomine
1090 1880 1226 1917 dicunt
1238 1880 1317 1916 280

123 1937 317 1982 Pastores‚
337 1936 485 1974 lentum
506 1935 674 1973 destillat
694 1936 741 1971 ab
761 1935 922 1984 inguine
941 1935 1060 1979 virus,

125 1991 403 2040 Hippomanes,
425 1990 526 2039 quod
546 2001 645 2038 saepe
665 1988 773 2025 malae
795 1989 922 2037 legere
942 1998 1129 2032 novcrcae,

124 2045 450 2092 miscueruntque
470 2044 610 2080 herbas
629 2048 667 2079 et
686 2055 762 2078 non
783 2042 944 2079 innoxia
964 2042 1092 2078 verba.

181 2098 257 2135 Sed
277 2096 379 2146 fugit
397 2098 555 2141 interea,
576 2096 679 2144 fugit
698 2095 948 2144 irreparabile
968 2101 1130 2144 tempus,

125 2150 287 2200 Singula
306 2152 397 2187 dum
416 2150 519 2200 capti
538 2151 885 2187 circumvectamur
903 2161 1043 2186 amore.
1239 2147 1317 2184 285

125 2205 212 2242 Hoc
232 2205 324 2241 satis
344 2204 538 2242 armentis.
598 2202 760 2251 Superat
780 2215 868 2251 pars
886 2203 1006 2239 altera
1025 2213 1138 2247 curae‚

124 2258 337 2307 Lanigeros
357 2259 505 2307 agitare
523 2269 661 2306 greges
681 2256 878 2304 hirtasque
898 2255 1074 2304 capellas.

125 2312 204 2348 Hic
223 2313 347 2356 lab0r3
368 2313 456 2348 hinc
476 2311 628 2348 laudem
647 2309 765 2346 fortes
785 2317 935 2358 sperate
955 2309 1091 2346 coloni.

124 2364 210 2402 Nec
230 2377 315 2401 sum
333 2365 451 2402 animi
471 2364 622 2410 dubius,
644 2363 773 2400 verbis
794 2375 838 2400 ea
858 2363 1013 2400 vincere
1033 2374 1216 2412 magnum

126 2417 253 2463 Quam
272 2419 333 2464 sit,
355 2425 394 2456 et
413 2418 588 2468 angustis
603 2418 704 2454 hunc
725 2417 863 2454 addere
883 2418 999 2454 rebus
1019 2416 1220 2458 honorem
