1493 2641
101 194 149 229 10
391 194 435 230 P.
467 192 714 231 VIRGILII
745 193 1005 232 MARONIS
1175 193 1285 246 [Lm.

152 298 305 336 Semina
326 300 404 336 vidi
425 301 601 348 equidem
621 301 760 338 multos
780 301 970 338 medicare
996 305 1176 355 serentes,

96 351 149 388 Et
169 353 271 390 nitro
292 354 398 401 prius
421 361 460 390 et
478 354 590 401 nigra
609 354 840 402 perfundere
860 367 1016 391 amurca
1035 368 1043 390 :

96 405 295 443 Grandior
315 414 358 443 ut
378 406 480 444 fetus
500 408 647 454 siliquis
666 408 867 445 fallacibus
887 414 998 452 esset,
1210 408 1283 445 195

96 458 161 502 Et,
185 460 358 506 quamvis
376 460 456 508 igni
478 461 634 509 exiguo,
656 467 861 510 properata
879 462 1090 498 maderent.

95 511 192 548 Vidi
213 513 311 550 lecta
331 514 394 550 diu
417 519 455 550 et
475 515 595 550 multo
615 521 786 562 spectata
805 515 934 551 labore

97 564 345 613 Degenerare
365 573 505 611 tamen,
527 567 567 603 ni
588 567 648 603 vis
669 568 833 605 humana
853 567 1058 615 quotannis

94 618 272 656 Maxima
291 631 448 667 quaeque
469 633 582 657 manu
603 620 748 669 legeret
768 636 777 665 3
799 622 852 657 sic
872 622 1000 657 omnia
1019 620 1109 657 fatis

95 671 144 708 In
165 673 276 724 pejus
295 686 418 717 ruere,
441 687 484 710 ac
503 679 606 710 retro
626 675 805 723 sublapsa
826 674 962 710 referri
984 689 993 717 ;
1208 674 1286 710 200

93 724 185 764 Non
206 727 328 772 aliter,
350 738 463 774 quam
483 728 548 775 qui
569 728 728 764 adverso
744 728 812 763 vix
831 728 990 764 flumine
1009 727 1177 764 lembum

95 778 286 829 Remigiis
307 781 465 829 subigit,
486 781 515 817 si
537 781 694 818 brachia
714 780 813 817 forte
833 781 993 827 remisit,

96 833 228 881 Atque
247 834 359 870 illum
378 835 416 869 in
437 846 606 882 praeceps
624 846 744 882 prono
763 835 865 882 rapit
885 835 1017 871 alveus
1036 835 1152 871 amni.

149 887 344 924 Praeterea
363 893 442 923 tam
463 893 554 924 sunt
574 887 736 924 Arcturi
757 888 882 925 sidera
901 888 1010 924 nobis

97 939 387 988 Haedorumque
403 941 484 977 dies
505 941 684 976 servandi
705 948 742 977 et
762 941 913 978 lucidus
935 941 1101 989 Anguis,
1210 941 1287 976 205

97 991 224 1038 Quam
243 993 383 1041 quibus
402 994 442 1029 in
462 994 624 1041 patriam
647 1000 807 1030 ventosa
826 1006 895 1042 per
913 1006 1067 1041 aequora
1088 993 1209 1031 vectis

95 1046 245 1084 Pontus
265 1053 302 1084 et
322 1046 491 1084 ostriferi
511 1046 641 1084 fauces
661 1053 862 1083 tentantur
882 1047 1032 1096 Abydi.

95 1098 216 1137 Libra
235 1101 297 1137 die
316 1100 516 1149 somnique
535 1113 646 1148 pares
668 1101 733 1137 ubi
753 1100 888 1137 fecerit
908 1101 1034 1145 horas,

95 1152 151 1190 Et
169 1154 339 1190 medium
359 1153 435 1190 luci
456 1161 570 1202 atque
592 1154 738 1190 umbris
752 1154 832 1201 jam
855 1154 994 1190 dividit
1015 1154 1164 1197 orbem3

94 1206 297 1252 Exemete,
318 1207 406 1251 viri,
428 1213 568 1249 tauros,
590 1208 705 1244 serite
725 1208 866 1244 hordea
886 1207 1032 1254 campis
1212 1208 1291 1243 210

97 1260 233 1308 Usque
253 1261 323 1296 sub
344 1266 559 1296 extremum
581 1261 726 1297 brumae
746 1261 1002 1297 intractabilis
1021 1261 1201 1304 imbrem3

96 1313 182 1350 Nec
201 1326 278 1350 non
298 1320 336 1350 et
355 1313 424 1349 lini
445 1320 613 1361 segetem
633 1320 673 1350 et
693 1313 852 1351 Cereale
871 1326 1041 1362 papaver

98 1367 269 1416 Tempus
289 1367 406 1403 humo
425 1372 567 1415 tegere,
589 1373 627 1403 et
644 1366 875 1414 jamdudum
894 1367 1118 1404 incumbere
1137 1366 1292 1411 aratris;

96 1419 202 1457 Dum
222 1421 323 1457 sicca
341 1420 479 1457 tellure
499 1420 599 1465 licet,
621 1421 713 1456 dum
733 1421 867 1457 nubila
886 1421 1067 1469 pendent.

96 1473 202 1510 Vere
221 1473 320 1510 fabis
340 1473 454 1516 sati03
474 1479 554 1510 tum
577 1479 614 1510 te
633 1485 794 1521 quoque,
817 1474 982 1517 Medica,
1004 1480 1136 1522 putres
1213 1474 1289 1510 215

97 1527 312 1575 Accipiunt
331 1526 437 1570 sulci,
459 1533 496 1563 et
517 1526 621 1562 milio
642 1528 749 1564 venit
769 1540 898 1564 annua
916 1540 1023 1564 cura:

98 1579 297 1617 Candidus
317 1581 463 1616 auratis
482 1580 606 1628 aperit
623 1593 710 1617 cum
731 1581 912 1617 cornibus
935 1593 1079 1617 annum

99 1633 265 1678 Taurus,
285 1640 324 1670 et
344 1634 504 1671 adverso
523 1634 662 1670 cedens
684 1633 803 1671 Canis
823 1634 963 1671 occidit
983 1641 1099 1672 astro.

98 1687 155 1723 At
176 1687 208 1724 si
228 1687 419 1724 triticeam
441 1687 480 1723 in
501 1699 663 1724 messem
683 1688 918 1736 robustaque
937 1687 1041 1724 farra

99 1739 315 1776 Exercebis
335 1741 509 1785 humum,
531 1741 697 1789 solisque
716 1741 879 1778 instabis
898 1741 1038 1786 aristis,
1215 1741 1294 1777 220

99 1794 207 1830 Ante
227 1794 298 1830 tibi
319 1793 409 1831 ane
431 1794 654 1831 Atlantides
673 1795 969 1838 abscondantur,

100 1845 325 1894 Gnosiaque
352 1847 523 1884 ardentis
543 1847 702 1884 decedat
722 1848 831 1884 stella
852 1847 1026 1892 Coronae,

99 1899 244 1937 Debita
262 1913 376 1948 quam
398 1901 514 1937 sulcis
532 1901 749 1938 committas
770 1901 925 1945 semina,
947 1912 1141 1949 quamque

98 1953 241 1990 Invitae
263 1966 448 2002 properes
469 1954 559 1990 anni
580 1966 686 2001 spem
707 1955 863 1991 credere
883 1961 1009 1991 terrae.

98 2006 217 2043 Multi
237 2013 325 2044 ante
344 2019 519 2044 occasum
541 2007 656 2043 Maiae
674 2020 841 2056 coepere3
861 2008 927 2045 sed
946 2008 1032 2044 illos
1216 2007 1292 2043 225

98 2059 334 2108 Exspectata
353 2073 462 2108 seges
482 2061 591 2097 vanis
611 2060 725 2097 clusit
746 2061 886 2097 aristis.

102 2114 144 2150 si
169 2126 261 2150 vero
281 2114 497 2161 viciamque
517 2125 619 2150 seres
639 2114 832 2162 vilemque
852 2113 1024 2159 faselum,

100 2166 185 2203 Nec
206 2166 415 2203 Pelusiacae
435 2179 564 2203 curam
586 2167 866 2215 adspernaberc
885 2167 1015 2204 lentis:

100 2219 220 2256 Haud
239 2220 401 2257 obseura
421 2220 561 2257 cadens
582 2220 708 2257 mittet
728 2221 798 2257 tibi
819 2221 930 2269 signa
950 2220 1108 2263 Bootes;

100 2272 249 2321 Incipe,
269 2280 307 2309 et
325 2274 372 2309 ad
393 2274 535 2310 medias
555 2281 764 2310 sementem
785 2274 950 2310 extende
971 2275 1140 2323 pruinas.
1217 2274 1295 2310 230

155 2326 305 2363 Idcirco
324 2328 438 2364 certis
457 2327 671 2364 dimensum
693 2328 867 2375 partibus
887 2328 1017 2365 orbem

102 2379 180 2416 Per
200 2379 375 2416 duodena
395 2380 496 2429 regit
516 2381 647 2416 mundi
677 2380 741 2418 Sol
762 2393 901 2418 aureus
922 2387 1036 2418 astra.

102 2431 285 2481 Quinque
306 2441 437 2470 tenent
458 2433 596 2471 coelum
617 2447 737 2470 zonae:
759 2447 922 2482 quarum
945 2447 1019 2471 una
1040 2445 1198 2471 corusco
